3671 4906
899 361 1067 471 1‘60

1058 609 1073 620 u

1690 345 1697 350 ’
1795 309 2010 450 Pars'
2053 347 2152 447 V.
2209 355 2395 475 Capa
2426 353 2536 446 ΙΙ.
2641 277 2669 364 ‘.
2699 423 2718 430 -
2831 357 2842 366 “

1112 571 1216 646 uti
1262 568 1569 643 acumine
1618 563 1702 638 ad
1749 557 2266 635 discernendum
2296 583 2408 644 ea,
2456 579 2757 657 quorum
2804 553 3184 636 differentia
3214 552 3431 642 sensti

1112 699 1257 747 non
1290 698 1414 773 per
1449 666 1515 745 se
1555 667 1752 741 obvia
1785 662 1899 737 est.
1999 664 2354 736 Nolumus
2392 685 2619 734 tamen
2649 657 2906 755 fingere
2938 664 3294 755 vocabula,
3347 691 3433 754 ne
3505 659 3524 666 ’

1116 778 1358 870 litigiis
1405 770 1708 846 inanibus
1755 766 1841 839 de
1892 764 2234 839 vocabulis
2274 759 2496 837 ansam
2536 762 2815 855 demuS,
2866 766 3111 866 quibus
3155 794 3265 841 res
3294 762 3434 870 ipsa

1116 883 1193 951 in
1224 875 1711 950 dubitationem
1741 869 2095 943 adducitur
2114 927 2131 957 ,
2184 861 2558 968 presertim
2606 892 2765 940 cum
2797 870 3021 964 lingva
3054 874 3287 945 Latina
3319 898 3431 971 pa.

1115 1001 1276 1056 rum
1308 1001 1464 1079 apta
1486 975 1679 1050 fit'ad
1706 999 1885 1047 nova
1920 971 2238 1045 vocabula
2262 968 2615 1043 condenda
2634 1028 2651 1059 ,
2704 997 2827 1043 nec
2861 968 3058 1050 facile
3091 978 3437 1047 invenian-

1032 1097 1041 1104 “
1115 1108 1264 1172 tur,
1318 1107 1463 1179 quoe
1505 1075 1754 1177 absque
1793 1076 2326 1175 aequivocatione
2359 1070 2448 1146 ob
2490 1073 2783 1172 aliquam
2815 1072 3325 1151 similitudinem
3361 1075 3442 1150 ad

1108 1214 1188 1260 ea
1222 1179 1637 1278 fignificanda
1690 1180 1865 1255 trahi
1913 1174 2221 1278 possunt,
2293 1199 2445 1274 quae
2500 1176 2863 1276 peculiaria
2899 1185 3181 1253 nomina
3215 1181 3440 1255 mere·

1105 1310 1366 1362 rentur.
1496 1282 1819 1384 Appellet
1869 1283 2338 1380 unusquisque
2384 1303 2509 1378 per
2560 1303 2689 1351 nos
2736 1304 2850 1370 ea,
2904 1307 3054 1380 quae
3093 1281 3438 1379 distingvi.

1106 1415 1304 1478 mut»,
1362 1384 1716 1487 quomodo
1744 1382 2058 1471 libuerit,
2112 1382 2318 1454 modo
2352 1407 2504 1455 rem
2534 1376 2746 1482 ipsam
2776 1405 3015 1458 teneat.
3118 1394 3235 1460 Ne
3267 1413 3437 1461 vero

1006 1565 1017 1574 ,
1104 1488 1442 1566 existimet
1473 1484 1865 1562 subtilitates
1898 1475 2064 1580 fingi
2093 1488 2361 1574 inanes»,
2410 1485 2714 1556 animum
2749 1480 2979 1559 saltem
3009 1483 3208 1562 suum
3235 1514 3434 1568 excu-

1106 1598 1228 1686 tiat
1281 1594 1347 1667 ἃ
1403 1591 1609 1667 verba
1655 1591 1949 1663 aliorum
1994 1588 2332 1689 ponderet
2356 1643 2375 1676 ‚
2429 1590 2549 1687 qui
2597 1589 2893 1670 eundem
2928 1592 3262 1688 produnt:
3311 1618 3434 1667 ne·

1104 1723 1245 1797 que
1270 1697 1453 1769 ullus
1499 1694 1730 1770 dubito
1764 1689 1964 1782 fore,
2019 1714 2096 1764 ut
2135 1688 2594 1779 differentias,
2623 1716 2826 1798 ,quaa
2857 1693 2969 1765 hic
2995 1695 3435 1782 inculcamus,

1102 1800 1365 1889 videat,
1392 1805 1395 1806 *
1420 1796 1468 1871 fi
1500 1797 1610 1870 vel
1647 1799 1934 1891 maxime
1977 1797 2053 1868 in
2085 1789 2526 1893 Psychologia
2554 1819 2696 1865 non
2744 1793 2910 1870 adeo
2957 1792 3170 1869 fuerit
3193 1793 3434 1878 ¹versa·

1109 1927 1260 1992 ωε,
1312 1924 1387 1974 ut
1416 1895 1799 2001 perspicere
1834 1894 2062 1998 poffit,
2114 1895 2468 1996 quomodo
2509 1921 2635 1997 per
2669 1891 3015 1984 facultates
3055 1903 3289 1972 animae
3331 1899 3434 1975 dt-

1008 2039 1015 2044 *
1111 1998 1317 2080 versae
1349 2004 1479 2077 illae
1505 2006 1718 2076 animi
1752 1998 2292 2075 modificationes
2329 1997 2453 2072 sint
2489 1996 2853 2099 poffibileS.
2955 2003 3116 2075 Odii
3153 2029 3285 2105 pro
3333 2007 3441 2077 vi..

1110 2112 1216 2183 tio
1246 2102 1446 2180 sumti
1479 2106 1872 2207 exemplum
1905 2102 2231 2177 habemus
2280 2106 2352 2174 in
2388 2099 2700 2198 gentibus
2751 2102 3084 2193 barbaris,
3133 2132 3283 2205 quae
3332 2133 3440 2178 ar-

1112 2234 1258 2284 tem
1285 2212 1633 2309 piraticam
1662 2231 1979 2282 exercent
2016 2207 2081 2280 &
2112 2231 2402 2305 quarum
2438 2205 2694 2278 malitia
2726 2232 2809 2279 eo
2845 2234 3061 2308 usque
3094 2209 3437 2310 procedit,

1115 2336 1197 2386 ut
1237 2308 1612 2386 infortunio
1707 2310 1954 2384 uodam
1991 2369 2009 2401 ,
2061 2310 2271 2384 veluti
2315 2303 2574 2382 infelici
2616 2306 2969 2406 naufragio
3006 2369 3023 2402 ,
3075 2316 3148 2386 in
3190 2335 3439 2386 mmm

1111 2411 1425 2516 ipsorum
1459 2338 1759 2516 delapllos
1788 2414 2049 2487 duriter
2077 2437 2279 2514 atque
2311 2413 2705 2487 immaniter
2740 2411 3044 2503 traRenu
3078 2415 3148 2489 dt
3177 2419 3254 2490 in
3275 2441 3435 2512 gra·

1020 2540 1035 2545 ‘
1113 2543 1273 2590 vem
1305 2514 1699 2616 tristemque
1727 2514 2120 2592 servitutem
2153 2515 2542 2591 abstrahant.
2646 2517 2999 2593 Habemus
3034 2522 3432 2619 exemplum

1113 2623 1185 2693 in
1220 2619 1658 2722 praedonibus
1688 2621 1755 2693 ὃ(
1786 2621 2196 2717 latronibus,
2225 2623 2444 2719 quiin
2471 2615 2791 2721 spoliatos
2818 2616 3092 2697 saeviunt
3121 2649 3268 2697 non
3301 2623 3433 2696 alia

1116 2722 1201 2796 de
1237 2716 1459 2809 causa,
1528 2749 1771 2821 quam4
1786 2726 1949 2824 quia
1991 2726 2204 2798 aliena
2248 2717 2516 2797 miseria
2562 2720 2995 2799 delestantur.
3095 2729 3426 2831 Qamvis

1110 2849 1498 2901 verotanta
1538 2852 1676 2901 non
1728 2824 1805 2901 fit
1841 2830 2160 2900 omnium
2205 2827 2456 2899 malitia
2494 2883 2538 2915 ,ff
2564 2829 2889 2924 qui'odio
2935 2824 3181 2900 habent
3229 2827 3427 2918 alioS,

1108 2925 1224 3003 seu
1270 2928 1687 3002 voluntatem
1735 2929 2029 3003 nocendi
2073 2931 2255 3019 aliis,
2312 2955 2469 3002 cum
2509 2929 2773 3001 malitia:
2814 2931 2885 3001 in
2917 2927 3222 3026 quolibet
3253 2934 3427 3027 ⁴vitio

1110 3032 1360 3105 dentur
1391 3032 1670 3126 graduS,
1724 3058 1800 3105 ut
1826 3033 1981 3106 ideo
2019 3036 2351 3132 quantitas
2381 3024 2882 3102 aestimationem
2917 3032 3227 3130 recipiat,
3283 3058 3428 3108 non

1104 3155 1328 3207 tamen
1366 3130 1824 3209 inconsultum
1878 3133 2008 3224 est,
2062 3158 2138 3204 ut
2163 3130 2408 3207 vitium
2439 3135 2677 3204 intime
2722 3126 3201 3233 perspesturus
3234 3144 3432 3209 men-⁴

1107 3241 1194 3310 tis
1241 3239 1459 3330 aciem,
1500 3260 1847 3311 convertat
1893 3241 1966 3310 in
2018 3235 2326 3335 exempla
2354 3292 2372 3322 ,
2441 3238 2513 3305 in
2560 3234 2803 3331 quibus
2848 3235 3091 3308 malitia
3126 3235 3211 3308 ad
3244 3233 3431 3328 sum-⁸,

1109 3364 1307 3415 mum
1339 3338 1711 3440 proceffiss‘e
1742 3341 2044 3427 videtur,
2063 3360 2154 3409 xut
2184 3363 2260 3410 ea
2291 3336 2510 3433 major
2537 3342 2649 3409 vix
2680 3341 2950 3440 concipi
2978 3337 3164 3438 poss‘e
3198 3342 3420 3414 videa,

1104 3466 1236 3519 tur.
1343 3447 1758 3542 Ceteroquin
1789 3440 2012 3513 ubivis
2033 3436 2235 3513 obvia
2266 3435 2417 3513 sunt
2444 3439 2750 3541 exempla
2786 3458 3028 3537 eorum
3047 3498 3074 3529 ,
3124 3446 3241 3541 qui
3263 3444 3419 3515 alie·-

1096 3570 1183 3618 na
1235 3541 1637 3619 infelicitate
1702 3539 2121 3619 deleaantur
2189 3540 2574 3641 habentque
2644 3545 3065 3619 voluntatem
3120 3546 3426 3647 nocendi:

1100 3649 1282 3740 aliis,
1337 3646 1547 3720 modo
1592 3672 1737 3719 non
1776 3643 1937 3718 defit
1983 3644 2269 3735 occasio,
2324 3669 2437 3720 aut
2492 3649 2866 3745 peculiares
2914 3646 3177 3721 obstent
3216 3642 3420 3722 ratio-

1082 3777 1257 3837 .nc5,
1300 3747 1389 3820 ob
1426 3774 1588 3849 quas
1616 3746 1802 3823 naus
1842 3772 2157 3821 externus
2182 3752 2600 3850 reprimitur.
2635 3843 2638 3846 y
2700 3750 3197 3853 Experientiam
3233 3777 3421 3845 vero,

1099 3856 1434 3956 optimam
1493 3879 1771 3954 quoque
1827 3856 1902 3926 in
1948 3853 2135 3925 hisce
2192 3872 2424 3926 rerum
2467 3848 2873 3945 -magistram
2902 3912 2920 3943 ,
2990 3848 3416 3927 consulentes
3489 3868 3502 3873 ‘

1096 3955 1360 4031 abunde
1388 3956 1827 4046 docebimur,
1867 3955 2005 4028 dari
2036 3981 2178 4028 non
2208 3954 2414 4026 modo
2441 3954 2799 4045 homines,
2834 3958 2955 4054 qui
2990 3957 3285 4029 aliorum
3321 3954 3417 4030 fe-

1092 4059 1421 4137 licitatem
1472 4056 2037 4157 &infelicitatem
2076 4084 2324 4161 parum
2345 4079 2622 4144 curant,
2671 4082 2748 4131 ut
2785 4058 3271 4162 ipsistperinde
3321 4058 3415 4148 fit,

3278 4160 3413 4239 five
