3671 4906
876 408 1067 484 202
1688 371 2133 464 &Par-su
2193 370 2376 491 Cap'
2411 368 2532 460 11
2663 381 2692 456 ζ
2831 375 2893 436 ‘i

1154 577 1517 659 ontionem
1543 573 1738 658 faciei
1788 580 2241 653 determinato
2284 575 2412 649 situ
2460 574 2759 676 partium
2802 565 3001 649 faciei
3050 570 3425 660 mobilium

1082 613 1395 867 fastam,
1441 684 1734 803 ideoque
1763 687 1984 765 etiam
1997 681 2236 758 frontis
2268 703 2469 779 atque
2505 676 2893 751 oculorum.
2955 774 2962 790 ἢ

1994 846 2061 950 §·
2188 871 2367 946 149·

438 967 828 1079 mamantis
1199 985 1328 1093 Qui
1368 983 1748 1065 inhumanus
1793 986 1915 1081 eft,
1984 984 2149 1060 alios
2189 1002 2496 1088 tanquam
2527 937 2826 1087 seipsum
2850 984 3109 1079 diligere
3151 985 3449 1064 nondum

388 1115 389 1118 ‘
438 1114 608 1194 alios
648 1138 774 1190 non
915 1101 1161 1182 didicit
1277 1099 1581 1181 Etenim
1632 1105 1764 1199 qui
1800 1100 2252 1179 inhumanus
2304 1096 2449 1197 est,
2509 1101 2600 1179 ab
2648 1098 2911 1181 officiis
2958 1103 3451 1182 humanitatis

446 1228 659 1336 diligit
689 1245 835 1302 tan·
915 1217 1080 1298 aliis
1110 1213 1543 1322 praestandis
1581 1215 1926 1294 aversum
1977 1217 2198 1292 habet
2242 1220 2575 1294 animum
2622 1216 2655 1311 (
2674 1214 2734 1313 §.
2775 1227 2956 1311 896.
2995 1239 3217 1318 parm
3223 1224 3447 1322 .Jur.

446 1348 645 1449 quani
678 1343 786 1439 se
920 1351 1054 1413 nat
1074 1334 1150 1436 )‚
1210 1333 1750 1432 consequenter
1782 1333 2062 1407 nemini
2100 1328 2431 1406 officium
2478 1328 2864 1446 quoddam
2911 1329 3250 1438 praestat,
3300 1327 3449 1408 nist

342 1517 347 1521 ,
446 1458 671 1568 {Psm
922 1447 1202 1528 fuerint
1238 1454 1566 1528 rationes
1602 1443 1949 1542 quaedam
1978 1446 2494 1548 particulares,
2545 1448 2815 1542 quibus
2852 1448 2947 1525 ad
2975 1448 3053 1526 id
3093 1443 3451 1553 praestan-

336 1593 343 1602 ·
824 1553 838 1565 ’
926 1564 1112 1642 dum
1170 1563 1566 1643 adducitur
1609 1622 1631 1661 ‚
1711 1557 1906 1638 suam
1952 1564 2213 1664 potius
2260 1561 2657 1658 utilitatem
2710 1562 3148 1661 intendens,
3209 1585 3449 1659 quam

922 1682 1264 1759 aliorum.
1381 1677 1904 1783 Qamobrem
1940 1702 2114 1752 cum
2164 1672 2299 1779 ipsi
2348 1672 2744 1753 molestum
2792 1675 3075 1755 accidat
3108 1675 3452 1754 officium

927 1791 1277 1905 Praestare
1307 1797 1570 1891 alteri,
1630 1789 1764 1874 nist
1816 1795 1967 1870 hoc
2000 1789 2215 1867 faciat
2266 1789 2655 1869 commodi
2701 1793 2812 1870 sui
2866 1792 3071 1870 causa
3109 1790 3218 1893 (§.
3265 1799 3453 1886 156.

922 1929 1104 2018 part.
1137 1939 1196 1986 2
1228 1905 1369 1986 Eth.
1385 1911 1457 2011 ),
1520 1909 1867 1985 voluntas
1902 1906 2055 2005 ejus
2089 1901 2439 2008 dispofita
2473 1931 2627 1982 non
2665 1904 2766 1982 est
2799 1907 2890 1988 ad
2923 1910 3242 1985 aliorum
3276 1932 3457 2010 per·

817 2049 832 2068 ⁴
934 2024 1345 2108 Ῑεᾶὶίοιιεπι
1383 2021 2015 2143 promovendam.
2129 2017 2570 2121 Qoniam
2555 2044 2806 2119 itaque
2855 2028 3040 2101 alios
3096 2048 3250 2099 non
3283 2020 3455 2101 dili·

930 2144 1089 2248 git,
1152 2143 1271 2228 cui
1300 2128 1638 2216 constan&
1684 2141 1760 2216 ὅ(
1796 2156 2166 2242 perpetua
2201 2159 2358 2211 non
2399 2132 2500 2211 est
2529 2140 2874 2220 voluntas
2915 2143 3230 2215 aliorum
3275 2147 3460 2239 per-

934 2252 1342 2338 sationem
1372 2251 1886 2357 promovendi
1937 2247 2047 2349 (§.
2071 2254 2254 2348 653.
2301 2266 2475 2351 part.
2510 2278 2562 2330 1.
2592 2258 2744 2354 Jur.
2778 2271 2909 2327 nat.
2924 2253 3020 2355 );
3060 2256 3195 2349 qui
3228 2251 3460 2329 inhu-

868 2387 1202 2563 {inflas
1274 2367 1433 2472 est,
1513 2368 1699 2448 alios
1764 2387 2123 2511 tanquam
2191 2363 2507 2470 seipsum
2567 2364 2882 2535 diligere
2940 2365 3289 2444 nondum
3343 2364 3461 2445 di-

1025 2506 1126 2564 cit
1210 2560 1216 2567 .

1078 2694 1081 2697 ,
1231 2614 1675 2698 Ostenditur
1717 2623 1939 2697 etiam
1972 2621 2125 2697 hoc
2174 2619 2414 2697 modo
2452 2645 2590 2725 per
2637 2618 3102 2699 indit-edium.
3191 2589 3463 2698 Pona-

944 2724 1118 2818 mus
1156 2758 1372 2834 eum,
1433 2737 1563 2832 qui
1604 2735 2057 2812 inhumanus
2091 2732 2242 2837 est‚'
2296 2737 2478 2812 alios
2528 2759 2879 2834 tanquam
2923 2736 3264 2841 seipsum
3295 2731 3462 2813 dili·

944 2873 1150 2957 gete.
1260 2849 1651 2953 Qoniam
1705 2853 1834 2948 qui
1886 2852 2070 2929 alios
2101 2874 2616 2948 quoscunque
2666 2851 2910 2955 diligit
2954 2875 3305 2952 tanquam
3352 2850 3462 2928 se-
3511 2880 3516 2893 ·

948 2966 1195 3070 ipsum
1229 2966 1594 3047 humanus
1627 2962 1731 3042 est
1769 2962 2109 3065 (§.143
2131 2965 2212 3065 );
2261 2967 2403 3041 erit
2443 2962 2672 3041 idem
2694 2962 3063 3047 humanus
3112 2972 3188 3048 δι
3235 2966 3460 3046 inhu-

949 3105 1234 3161 manus.
1349 3068 1763 3170 Enimvero
1803 3105 1978 3155 cum
2037 3080 2454 3154 humanitas
2484 3083 2817 3176 requirat
2848 3085 3181 3162 animum
3212 3078 3307 3159 ad
3340 3077 3461 3158 of·

946 3195 1111 3274 ficia
1152 3220 1329 3299 erga
1357 3197 1542 3272 alios
1587 3192 2050 3296 propensum
2098 3189 2207 3292 (§.
2242 3206 2418 3291 894.
2453 3204 2629 3301 par!
2667 3223 2712 3272 1.
2744 3202 2895 3302 Jur.
2937 3215 3074 3278 nat.
3092 3202 3122 3302 )
3159 3257 3176 3291 ‚
3239 3196 3461 3273 inhu-

950 3313 1262 3391 manitas
1293 3328 1541 3385 autem
1573 3314 1903 3384 animum
1935 3307 2026 3384 ab
2060 3305 2326 3383 officiis
2359 3331 2537 3411 erga
2565 3309 2750 3387 alios
2782 3312 3119 3391 aversum
3153 3309 3250 3412 (ᾗ,
3280 3316 3466 3404 896.

918 3444 1101 3531 part
1141 3423 1639 3524 1.Jur.nat.)·‚
1696 3420 1860 3498 fieri
1879 3425 2209 3500 omnino
2236 3426 2548 3520 nequit,
2609 3445 2691 3500 ut
2727 3422 2931 3502 idem
2961 3425 3169 3507 simul
3202 3422 3289 3502 fit
3322 3427 3452 3503 hu·

954 3558 1217 3616 manus
1251 3540 1327 3617 &
1372 3535 1842 3614 inhumanus.
1956 3532 2512 3642 Qamobrem
2533 3563 2943 3644 repugnat,
3002 3566 3120 3643 ut,
3172 3546 3310 3642 qui
3347 3545 3452 3620 in·

954 3655 1322 3733 humanus
1358 3646 1496 3749 est,
1551 3653 1736 3731 alios
1770 3674 2125 3748 tanquam
2164 3651 2482 3755 seipsum
2519 3650 2828 3759 diligere
2864 3654 3232 3767 didicerit.

1300 3801 1552 3871 Nemo
1602 3790 1803 3877 facile
1833 3798 2378 3900 propositionem
2419 3796 2812 3901 praesentem
2843 3806 2913 3874 in
2946 3806 3233 3881 dubium
3263 3808 3465 3880 voca·-

1151 3897 1299 3983 bit,
1350 3902 1519 3996 quin
1562 3903 1794 3998 potius
1837 3904 2116 3975 eandem
2161 3900 2410 4000 absque
2451 3904 2588 3974 ulla
2622 3902 3192 3984 demonstratione
3222 3910 3461 3983 admit·

1148 4021 1289 4094 tet,
1342 4002 1553 4079 modo
1585 4020 1933 4189 utcunque
1959 4003 2328 4103 intelligat,
2385 4005 2551 4107 quid
2581 4003 2660 4080 fit
2698 4005 3033 4107 diligete,
3078 4013 3191 4089 vel
3237 4034 3463 4189 amlare

3179 4168 3182 4171 -
3368 4136 3466 4194 te-
