3671 4906
896 348 1092 504 Joa'
1162 496 1168 501 Ρ
1431 316 1448 335 χ
1697 302 1710 351 'x
1750 369 1964 466 Pars
2020 368 2579 492 V.Cap.V1.

892 572 1392 695 1.Jur.nat.‚·)
1446 575 1503 661 ιι
1544 576 1692 662 sese
1733 573 2056 686 propter
2096 580 2297 659 bona
2341 581 2613 680 animi,
2656 574 2781 659 vel
2836 580 3229 688 corporiS,
3294 602 3425 665 aut

894 703 1226 792 fortunae
1259 699 1592 801 extollit,
1639 698 2020 775 honorem
2055 721 2140 773 ac
2168 693 2463 774 laudem
2497 694 2667 772 Deo
2705 719 3271 803 competentem
3289 697 3427 778 fibi

884 839 1232 923 arrogat.
1290 812 1371 893 id
1408 809 1623 912 quod
1656 812 2031 889 voluntati
2064 808 2340 890 divinae
2377 808 2802 889 adversatur
2834 809 3427 917 (§.1261.part.

891 961 950 1016 1.
984 935 1139 1036 Jur.
1186 930 1377 1032 nat..)
1492 925 1662 1031 Qi
1717 923 2307 1058 praecedentiam
2355 923 2690 1027 affestat,
2751 951 2923 1027 quoe
2969 931 3052 1004 in
3100 927 3178 1005 se
3227 929 3432 1008 nulla

893 1045 1038 1146 est,
1090 1043 1215 1123 sed
1261 1041 1502 1122 turboe
1559 1044 1925 1145 opinione
1982 1038 2237 1118 saltem
2283 1039 2586 1119 videtur
2631 1040 2848 1140 quod
2894 1068 3053 1131 non
3108 1037 3257 1129 est·
3329 1041 3436 1122 de

894 1181 1072 1263 vera
1103 1150 1363 1258 laude,
1408 1181 1557 1256 qua
1591 1156 1667 1234 se
1699 1154 2019 1262 dignum
2056 1153 2371 1233 reddere
2389 1154 2608 1233 debet
2647 1152 2751 1256 (§.
2783 1165 2959 1258 546.
2995 1174 3165 1260 part.
3185 1185 3237 1233 1.
3266 1162 3437 1266 yur,

894 1278 1110 1377 nat.),
1166 1298 1439 1379 parum
1464 1274 1786 1377 cogitat,
1825 1268 2078 1348 denuo
2114 1294 2373 1350 contra
2426 1272 2892 1350 voluntatem
2939 1270 3281 1363 divinam
3329 1271 3431 1374 (§.

809 1460 812 1461 f
902 1402 1088 1490 284.
1120 1406 1297 1491 part.
1330 1415 1377 1465 ι.
1431 1382 1595 1463 Phil.
1626 1382 1822 1489 prust.
1843 1387 2081 1488 univ).
2192 1370 2291 1463 Et
2329 1389 2691 1486 quoniam
2722 1383 2907 1465 statu
2947 1385 3083 1464 suo
3119 1409 3434 1466 conten-

894 1525 1021 1584 tus
1062 1528 1217 1583 non
1255 1499 1396 1597 est,
1427 1498 1552 1580 sed
1581 1497 1870 1578 {ibimet
1914 1497 2101 1634 ipsi
2083 1526 2485 1607 1mponere
2520 1503 2683 1581 vult
2715 1498 3159 1636 personam,
3195 1526 3433 1602 quam

900 1600 956 1698 fl
988 1645 1145 1701 non
1177 1640 1418 1726 gerat,
1448 1638 1720 1695 tamen
1733 1618 2158 1718 mentiatur,
2188 1615 2357 1695 Deo
2396 1628 2642 1694 autem
2666 1616 3180 1723 competitjus
3203 1620 3439 1698 nobis

907 1732 1357 1842 imponendi
1391 1732 1829 1837 personam,
1889 1754 2117 1829 quam
2145 1735 2222 1810 in
2244 1733 2411 1811 hoc
2427 1730 2719 1811 mundo
2747 1754 3015 1843 gerere
3061 1730 3435 1812 debemus

899 1849 1001 1957 (§.
1040 1876 1223 1952 413.
1268 1867 1443 1951 part.
1487 1875 1545 1938 3·
1592 1842 1814 1948 Eth.)·
1878 1850 1952 1924 in
1997 1846 2118 1947 jus
2169 1847 2315 1927 Dei
2375 1848 2700 1948 involat,
2764 1847 3381 1949 consequenter
3359 1876 3442 1927 ιιι

900 1969 1148 2076 ipsum
1182 1964 1495 2065 injurius
1525 1957 1628 2039 est
1688 1959 1800 2061 (§.
1852 1975 2032 2057 859.
2062 1979 2241 2068 part.
2273 1989 2325 2043 1.
2364 1964 2516 2066 jur.
2544 1979 2680 2040 nat.
2702 1963 2760 2066 ).
2896 1960 3442 2067 Qamobrem

757 2100 760 2105 ’
905 2104 1080 2162 cum
1114 2080 1285 2161 Deo
1334 2075 1600 2173 odium
1631 2075 2049 2176 tribuatur,
2097 2097 2459 2176 quatenus
2500 2075 2707 2159 Deus
2737 2078 3150 2179 aversatur,
3212 2078 3434 2179 quod

899 2197 1036 2277 fibi
1085 2194 1423 2299 displicet
1485 2193 1566 2271 in
1612 2191 1925 2268 homine
1977 2189 2073 2292 (§.
2132 2218 2314 2292 239.
2367 2218 2552 2270 221.
2598 2209 2774 2299 part.
2825 2215 2883 2267 2.
2928 2186 3196 2293 weg
3212 2195 3427 2298 naa),-

903 2306 1274 2418 superbos
1330 2311 1413 2386 in
1463 2328 1793 2407 utroque
1829 2305 2011 2386 casu
2062 2305 2249 2385 odio
2315 2308 2576 2408 habet,
2650 2307 3193 2406 consequenter
3252 2332 3429 2387 cum

910 2425 1179 2507 exosus
1231 2421 1554 2526 dicatur,
1627 2446 1857 2524 quem
1889 2425 2071 2504 alter
2131 2419 2318 2502 odio
2351 2422 2615 2526 habet,
2661 2421 2963 2531 superbi
2997 2420 3174 2504 Deo
3226 2421 3435 2507 exofi

902 2544 1093 2626 sunt.
1214 2536 1404 2650 Qod
1447 2557 1590 2617 erat
1636 2564 1851 2618 unum.

1193 2649 1557 2761 Qodfi
1529 2679 1687 2758 Jam
1727 2679 1973 2762 porro
2025 2652 2448 2760 superbiam
2513 2655 2815 2757 alicujus
2863 2656 3284 2738 referamus
3336 2657 3437 2738 ad

905 2773 1259 2852 homines
1297 2770 1528 2867 alios3
1584 2771 1692 2849 illi
1721 2792 1846 2849 aut
1879 2774 1957 2847 in
1988 2771 2197 2850 bono
2248 2770 2791 2906 profecerunt,
2833 2792 2960 2852 aut
3004 2798 3280 2876 parum
3310 2773 3439 2853 ad·

883 2890 1062 2968 -huc
1098 2881 1613 2991 profecerunt,
1649 2906 1774 2962 aut
1805 2884 2119 2989 prorsus
2137 2890 2335 2965 vitiis
2363 2886 2531 2964 sunt
2564 2885 2816 2965 dediti.
2907 2886 3099 2991 Qi
3119 2890 3440 2970 inbono

902 2999 1434 3109 profecerunt,
1496 2997 2118 3078 existimationem
2148 3025 2406 3081 veram
2440 3000 2888 3101 laudemque
2923 3028 3222 3107 veram,
3284 3031 3435 3106 qua

903 3142 1051 3197 nos
1083 3115 1359 3220 dignos
1407 3109 1733 3192 reddere
1760 3111 2121 3194 debemus
2173 3108 2276 3223 (§.
2318 3140 2494 3215 545.
2538 3125 2714 3217 546.
2725 3134 2915 3219 part.
2962 3146 3011 3195 1.
3038 3124 3197 3226 ᾔειν.
3226 3123 3432 3226 natq)

818 3316 833 3332 ‚
903 3259 950 3312 a
982 3231 1228 3335 spuria
1253 3226 1707 3330 discernunt,
1738 3231 2406 3328 quainvanitatm
2438 3231 2846 3312 abutuntur
2863 3230 3189 3337 superbi,
3224 3260 3426 3334 quae·

905 3355 1057 3445 qu'e
1084 3341 1257 3449 ipfis
1279 3346 1602 3420 maxime
1636 3290 1975 3447 displicet
2008 3341 2105 3446 (§.
2135 3351 2312 3441 569.
2356 3370 2532 3446 542.
2560 3342 2782 3452 Psych.
2806 3350 3079 3451 erupit-.).
3198 3348 3421 3428 Cum·

904 3483 1056 3559 que
1099 3461 1374 3537 vitium
1416 3455 1604 3535 odio
1665 3457 1986 3536 habeant
2053 3456 2166 3558 (§.
2222 3468 2400 3558 368.
2425 3478 2605 3564 part.
2642 3488 2690 3536 1.
2734 3454 2895 3538 Phil.
2936 3460 3139 3565 pmff.
3187 3467 3421 3565 tatia),

899 3572 1324 3679 superbiam
1357 3595 1666 3671 quoque
1709 3570 2035 3650 oderunt
2065 3569 2163 3672 (§.
2207 3576 2460 3679 502.)‚
2522 3579 2603 3657 ὃς
2633 3578 2811 3676 quia
2840 3574 3264 3657 humilitate
3301 3577 3426 3656 de·

653 3625 664 3636 ·
738 3712 741 3718 ’
899 3687 1267 3767 Ῑεᾶιιιιιιιι·
1295 3684 1395 3787 (§.
1442 3699 1536 3782 58
1558 3713 1621 3763 1.
1647 3704 1821 3789 part.
1855 3715 1908 3768 1.
1929 3692 2083 3794 ᾔειν.
2116 3705 2252 3764 nat.
2287 3683 2377 3775 Εἴ
2410 3689 2474 3790 §.
2516 3716 2609 3791 3ς
2632 3717 2697 3773 1.
2727 3707 2906 3793 part.
2942 3718 2987 3767 1.
3022 3687 3191 3769 Phil.
3231 3692 3431 3796 praflfi.

898 3812 1075 3881 univ.
1084 3805 1161 3906 )“,
1139 3831 1159 3851 ·
1218 3800 1595 3904 superbia,
1631 3825 1803 3899 quae
1839 3799 2086 3879 eidem
2123 3824 2497 3908 repugnat
2536 3802 2644 3908 (§.
2685 3805 2935 3907 503.)‚
2947 3804 3148 3910 ipfis
3168 3806 3429 3913 displi-

900 3928 1040 3997 cet.
1243 3920 1546 3994 uoniam
1588 3939 1777 3994 vero
1829 3916 2195 4021 mperbus
2242 3917 2428 3995 alios
2473 3921 2604 3996 vili
2647 3917 2929 4023 pendet
2969 3942 3199 4020 atque
3243 3949 3431 4003 con·

901 4033 1186 4153 temnit
1201 4027 1299 4135 (§.
1336 4030 1517 4125 888.
1540 4047 1720 4141 part.
1753 4057 1805 4112 ι.
1844 4031 2001 4140 Jur
2032 4033 2203 4136 nat.)
2223 4091 2248 4138 ,
2284 4034 2362 4116 &
2393 4057 2534 4141 per
2558 4029 2640 4113 se
2670 4055 2902 4145 patet,
2949 4060 3437 4120 contemtum

3326 4153 3441 4238 sui
