3671 4906
935 364 1298 503 *570·
1634 346 2933 488 ··1³ar'3v.-·cap:v·.·0
3096 348 3111 361 ·

933 608 1058 667 ter
1097 603 1322 690 patet,
1360 596 1684 684 quanam
1724 599 1878 683 ope
1912 573 2245 680 indigeat
2274 562 2541 679 miser',
2594 600 2679 658 ut
2708 574 3004 657 miseria
3024 572 3197 678 ejus
3231 571 3288 654 fi
3333 600 3508 656 non

941 702 1265 799 tollatur,
1298 700 1554 778 saltem
1578 699 1969 799 mitigetur
2003 693 2081 771 ὃ(
2123 680 2589 770 tolerabilior
2605 690 3092 794 effici-arun&
3128 691 3318 791 quid
3337 719 3492 771 nos

945 814 1045 895 ad
1076 816 1226 893 hoe
1258 810 1606 894 conferre
1657 803 2062 915 poffimus,
2110 828 2199 884 ut
2244 809 2370 886 vel
2409 806 2625 886 miser
2659 834 2702 886 a
2756 808 3052 907 miseria
3089 808 3487 911 liberetur,

950 930 1076 1008 vel
1138 930 1417 1008 malum
1434 986 1459 1030 ‚
1546 949 1706 1027 quo
1733 986 1740 1005 ,
1764 920 2118 1026 affligitur
2137 977 2158 1014 ,
2226 921 2492 1023 ‘saltem
2570 923 3024 1003 tolerabilius
3108 919 3485 1007 efficiatur.

941 1042 1248 1148 Qodfi
1274 1046 1431 1146 jam
1458 1061 1862 1151 penatum,
1889 1033 2046 1113 'nos
2079 1033 2221 1112 effe
2260 1037 2779 1140 miseri‘locO,
2822 1064 2998 1117 cum
3052 1036 3298 1117 homo
3342 1063 3483 1143 per

941 1183 1285 1238 naturam
1339 1157 1541 1235 suam
1565 1224 1566 1227 n
1592 1152 1969 1234 aversetur
2029 1148 2540 1230 infelicitatem
2616 1147 2718 1258 (§.
2781 1178 2961 1253 325.
2995 1169 3174 1256 part.
3204 1178 3274 1239 2.
3316 1149 3480 1230 Phil.

935 1271 1142 1381 praff.
1175 1274 1386 1375 univ.)
1410 1332 1431 1371 ‚
1491 1269 1821 1369 ideoque
1871 1290 2099 1344 omne
2149 1263 2230 1344 id
2252 1324 2273 1362 ‚
2317 1267 2530 1365 quod
2570 1264 2983 1345 molestiam
3036 1290 3289 1345 creare
3342 1266 3475 1372 ipfi

936 1382 1190 1497 potest
1244 1386 1341 1489 (§.
1408 1392 1457 1462 6
1467 1412 1504 1487 3
1520 1410 1590 1482 9,
1643 1377 1883 1489 1²13ch
1904 1380 2207 1483 πυρίη),
2252 1382 2618 1461 aversatio
2673 1382 2864 1459 vero
2910 1380 3166 1463 tendat
3200 1379 3297 1460 ad
3330 1384 3478 1461 hoe

941 1500 1479 1607 depellendum
1517 1496 1624 1600 -(§.
1683 1522 1869 1596 250.
1894 1509 2072 1601 part.
2117 1520 2177 1573 2.
2211 1491 2445 1599 Eeb),
2476 1497 2874 1603 extemplo
2919 1498 3142 1575 nobis
3198 1497 3472 1577 consta·

948 1618 1083 1715 bit,
1114 1615 1283 1695 fore
1321 1640 1403 1694 ut
1434 1616 1756 1695 velimus
1786 1630 1931 1690 nos
1963 1635 2007 1689 a
2035 1611 2234 1717 malo
2263 1607 2403 1689 isto
2437 1612 2757 1712 liberari,
2793 1613 2870 1691 ὅ(
2906 1609 3259 1688 dolorem
3294 1612 3470 1691 sola·

951 1737 1155 1812 mine
1204 1734 1457 1832 leniri,
1506 1728 1562 1807 fi
1611 1732 1780 1829 quis
1814 1726 2070 1804 saltem
2101 1723 2469 1831 effecerit,
2518 1749 2600 1804 ut
2650 1724 2858 1805 idem
2900 1725 3469 1826 quomodocun-

953 1872 1107 1948 que
1141 1842 2018 1931 tolerabiliusefficiatur.
2132 1838 2430 1947 Qodfi
2467 1867 2705 1946 porro
2735 1865 3130 1947 ponamus,
3157 1844 3470 1922 alterum

949 1963 1130 2042 loco
1157 1958 1418 2055 nostro
1456 1958 1598 2038 esse
1625 2018 1648 2058 ‚
1677 1981 1760 2037 ut
1787 1981 1932 2039 nos
1968 1983 2011 2034 a
2042 1958 2247 2034 malo
2279 1958 2400 2071 vel
2426 1958 2740 2035 liberare
2771 1954 3031 2062 poffit,
3076 1960 3200 2036 vel
3227 1957 3471 2036 (altem

957 2075 1162 2158 ferre
1193 2101 1451 2181 opem,
1471 2100 1636 2173 qua
1671 2072 1877 2179 idem
1909 2073 2367 2150 tolerabilius
2399 2071 2756 2170 efficitur3
2814 2075 3072 2171 ecquis
3111 2070 3473 2154 dubitabit

949 2189 1160 2292 fore,
1220 2212 1304 2268 ut
1359 2183 1587 2289 quam
1643 2192 1968 2267 maxime
2011 2212 2243 2291 opem
2290 2186 2446 2286 ejus
2499 2186 2969 2289 anhelemuS‚
3026 2190 3105 2267 dt
3142 2189 3459 2275 alterum

940 2303 1509 2387 misericordem
1540 2329 1721 2410 erga
1748 2329 1893 2393 nos
1927 2301 2068 2381 effe
2104 2303 2421 2380 velimus
2442 2298 2540 2401 (§·.
2576 2328 2631 2380 ¹2
2650 2308 2769 2396 56.
2782 2319 2955 2406 part.
2988 2328 3054 2393 4.
3078 2304 3458 2406 Jur.nat.).’

955 2421 1352 2529 Qoniam
1388 2423 1638 2520 itaque
1668 2421 1995 2500 maxime
2031 2418 2364 2498 naturale
2393 2411 2522 2516 est,
2550 2438 2641 2494 ut-
2663 2415 2742 2495 id
2773 2418 2991 2497 facias
3020 2417 3231 2497 alteri
3260 2414 3458 2517 quod

953 2540 1099 2619 tibi
1131 2537 1222 2615 ab
1250 2539 1400 2616 alio
1431 2534 1594 2613 fieri
1626 2539 1787 2635 vis,
1847 2558 2018 2612 cum
2066 2529 2327 2610 eadem
2358 2529 2448 2609 sit
2500 2554 2757 2612 mutua
2803 2533 3165 2640 obligatio
3211 2529 3312 2635 (§.
3348 2560 3461 2630 99.

947 2670 1130 2760 part.
1165 2679 1213 2725 1.
1242 2657 1397 2756 yur.
1418 2652 1629 2752 nat)‚·
1685 2654 1976 2728 animus
2001 2645 2095 2725 ad
2126 2645 2712 2740 misericordiam
2746 2640 3207 2752 disponitur,
3260 2645 3318 2725 fi
3348 2645 3462 2725 sta·

834 2786 852 2803 ·
956 2789 1128 2845 tum
1160 2764 1609 2844 miserorum
1645 2762 2157 2870 expendamus
2192 2765 2271 2845 δι
2312 2787 2484 2841 cum
2515 2760 2776 2842 nostro
2808 2771 3357 2870 compararim,
3386 2767 3455 2845 dc

951 2879 1325 2985 fingentes
1355 2875 1624 2957 statum
1657 2876 1994 2985 nostrum
2026 2903 2199 2956 cum
2217 2874 2402 2957 statu
2431 2877 2677 2956 miseri
2706 2867 3121 2985 permutari
3146 2902 3453 2985 perpen-

929 2991 1253 3097 ὁπως,
1305 2993 1497 3093 quid
1526 2995 1748 3073 nobis
1769 2995 1863 3074 ab
1892 2994 2133 3072 altero
2165 2990 2329 3072 fieri
2358 2994 2701 3076 velimus.
2772 3085 2781 3090 ,
3146 2987 3150 2992 ’

1237 3145 1476 3219 Media
1516 3148 1793 3221 virtutis
1819 3204 1841 3238 ,
1877 3171 2027 3245 quae
2058 3147 2127 3218 in
2156 3143 2541 3220 Moralibus
2568 3146 3113 3247 prescribantur,
3144 3150 3301 3225 talia
3326 3173 3452 3227 non

1138 3240 1297 3320 funt
1338 3245 1464 3319 nisi
1497 3242 1810 3349 respestu
1854 3273 2138 3348 eorum,
2180 3251 2299 3348 qui
2346 3247 2601 3347 lubeat
2641 3256 2946 3327 animum
2985 3257 3311 3328 virtutem
3352 3279 3455 3328 co-

1136 3347 1343 3446 lendi,
1381 3343 1862 3449 consequenter,
1889 3376 2049 3423 eum
2080 3354 2292 3423 virtus
2309 3348 2610 3444 confistat
2646 3357 2717 3446 in
2747 3353 2979 3430 habitu
3007 3352 3304 3429 afflones
3318 3351 3453 3429 [ms

1139 3450 1276 3543 legi
1310 3449 1565 3525 naturae'
1613 3447 2085 3526 conformandi
2140 3453 2242 3552 (§.
2279 3477 2315 3551 3
2329 3476 2369 3528 2
2386 3455 2446 3528 ι’.
2468 3475 2657 3558 part.
2699 3482 2741 3530 ι.
2773 3458 2941 3534 Phil.
2972 3451 3189 3561 praef.
3233 3462 3449 3551 mm),

1136 3555 1256 3651 qni
1287 3549 1533 3627 bonam
1567 3552 1820 3660 habent
1861 3555 2285 3628 voluntatem
2327 3559 2413 3648 (§.
2454 3563 2621 3632 121.¹
2650 3579 2829 3660 part.
2871 3586 2927 3635 2.-
2969 3561 3171 3651 Era).
3273 3564 3452 3664 Qu·

1129 3678 1290 3727 rum
1325 3658 1513 3728 enim
1538 3656 1849 3744 voluntas
1867 3654 2044 3733 bona
2071 3681 2209 3732 non
2229 3652 2344 3746 est,
2380 3682 2495 3732 aut
2513 3655 2789 3758 prorsus
2810 3663 3021 3750 mala;
3073 3662 3174 3734 illi
3209 3666 3449 3737 mediis

1129 3751 1272 3827 istis
1301 3758 1403 3827 uti
1436 3757 1702 3834 nolunt.
1801 3766 1903 3834 Ita
1934 3760 2006 3832 in
2044 3754 2354 3860 presenti
2382 3753 2532 3833 casu
2562 3786 2703 3836 non
2739 3764 2950 3837 modo
2991 3760 3459 3864 ipsis-molesta

1125 3857 1363 3930 accidit
1401 3881 1473 3932 ea
1506 3855 1704 3931 status
1740 3854 1844 3933 sui
1892 3886 2053 3933 cum
2080 3859 2251 3940 statu
2306 3856 2534 3935 miseri
2582 3870 3041 3962 comparatio,
3083 3859 3198 3939 sed
3249 3865 3298 3939 fi
3345 3869 3450 3943 vel

1128 3961 1422 4032 maxime
1455 3958 1537 4030 ab
1586 3959 1732 4056 alio'
1747 3963 2204 4053 inculcentur,
2247 3987 2396 4061 quae
2427 3964 2563 4038 huc
2605 3962 2883 4056 faciunt,
2916 3990 3034 4042 aut
3062 3964 3336 4066 ipfimet
3375 3970 3455 4056 ad

955 4144 968 4156 ,
1123 4082 1376 4182 eurum
1402 4057 2017 4172 considerationem
2040 4070 2349 4151 animum
2383 4066 2750 4176 appellum
2778 4093 2926 4180 non
2946 4073 3177 4159 tat'ueu
3205 4066 3454 4150 suffic-1-
