<?xml version="1.0" encoding="UTF-8"?>
<!DOCTYPE html PUBLIC "-//W3C//DTD XHTML 1.0 Transitional//EN"
    "http://www.w3.org/TR/xhtml1/DTD/xhtml1-transitional.dtd">
<html xmlns="http://www.w3.org/1999/xhtml" xml:lang="en" lang="en">
 <head>
  <title>
</title>
<meta http-equiv="Content-Type" content="text/html;charset=utf-8" />
  <meta name='ocr-system' content='tesseract 3.04.00' />
  <meta name='ocr-capabilities' content='ocr_page ocr_carea ocr_par ocr_line ocrx_word'/>
</head>
<body>
  <div class='ocr_page' id='page_1' title='image "./philosophiamora00vongoog_0660.png"; bbox 0 0 3671 4906; ppageno 0'>
   <div class='ocr_carea' id='block_1_1' title="bbox 877 310 2520 464">
    <p class='ocr_par' dir='ltr' id='par_1_1' title="bbox 877 292 2520 464">
     <span class='ocr_line' id='line_1_1' title="bbox 877 310 2520 464; baseline -0.019 -2"><span class='ocrx_word' id='word_1_1' title='bbox 877 363 1056 464; x_wconf 81' lang='lat'>622</span> <span class='ocrx_word' id='word_1_2' title='bbox 1143 400 1150 409; x_wconf 90' lang='lat'>-</span> <span class='ocrx_word' id='word_1_3' title='bbox 1257 364 1264 373; x_wconf 90' lang='lat'>·</span> <span class='ocrx_word' id='word_1_4' title='bbox 1733 347 1950 440; x_wconf 75' lang='lat' dir='ltr'>Pars</span> <span class='ocrx_word' id='word_1_5' title='bbox 2005 343 2107 436; x_wconf 81' lang='grc' dir='ltr'>ν.</span> <span class='ocrx_word' id='word_1_6' title='bbox 2165 310 2520 462; x_wconf 59' lang='lat' dir='ltr'>cmv.</span> 
     </span>
    </p>
   </div>
   <div class='ocr_carea' id='block_1_2' title="bbox 979 547 3503 2089">
    <p class='ocr_par' dir='ltr' id='par_1_2' title="bbox 979 547 3503 1367">
     <span class='ocr_line' id='line_1_2' title="bbox 979 547 3431 652; baseline -0.007 -13"><span class='ocrx_word' id='word_1_7' title='bbox 979 594 982 597; x_wconf 91' lang='lat'>·</span> <span class='ocrx_word' id='word_1_8' title='bbox 1091 550 1418 639; x_wconf 77' lang='lat' dir='ltr'>Redditio&#39;</span> <span class='ocrx_word' id='word_1_9' title='bbox 1438 547 1751 629; x_wconf 83' lang='lat' dir='ltr'>beneficii</span> <span class='ocrx_word' id='word_1_10' title='bbox 1776 551 2085 652; x_wconf 82' lang='lat' dir='ltr'>pertinet</span> <span class='ocrx_word' id='word_1_11' title='bbox 2118 549 2199 620; x_wconf 89' lang='lat' dir='ltr'>ad</span> <span class='ocrx_word' id='word_1_12' title='bbox 2233 550 2539 622; x_wconf 89' lang='lat' dir='ltr'>animum</span> <span class='ocrx_word' id='word_1_13' title='bbox 2574 554 2844 644; x_wconf 82' lang='lat' dir='ltr'>gratum</span> <span class='ocrx_word' id='word_1_14' title='bbox 2878 549 2965 640; x_wconf 82' lang='lat'>(§.</span> <span class='ocrx_word' id='word_1_15' title='bbox 2994 568 3120 647; x_wconf 82' lang='lat'>42.</span> <span class='ocrx_word' id='word_1_16' title='bbox 3153 567 3338 651; x_wconf 78' lang='lat' dir='ltr'>part.</span> <span class='ocrx_word' id='word_1_17' title='bbox 3357 578 3431 640; x_wconf 83' lang='grc'>4.</span> 
     </span>
     <span class='ocr_line' id='line_1_3' title="bbox 1100 647 3425 765; baseline -0.006 -28"><span class='ocrx_word' id='word_1_18' title='bbox 1100 670 1269 765; x_wconf 80' lang='lat' dir='ltr'>Jur.</span> <span class='ocrx_word' id='word_1_19' title='bbox 1299 662 1512 751; x_wconf 59' lang='lat' dir='ltr'>nan),</span> <span class='ocrx_word' id='word_1_20' title='bbox 1560 655 1855 752; x_wconf 86' lang='lat' dir='ltr'>ideoque</span> <span class='ocrx_word' id='word_1_21' title='bbox 1883 647 2353 725; x_wconf 52' lang='lat' dir='ltr'>endilefflone</span> <span class='ocrx_word' id='word_1_22' title='bbox 2387 647 2842 752; x_wconf 82' lang='lat' dir='ltr'>proficiscitur</span> <span class='ocrx_word' id='word_1_23' title='bbox 2874 657 2963 741; x_wconf 85' lang='lat'>(§.</span> <span class='ocrx_word' id='word_1_24' title='bbox 2998 678 3036 751; x_wconf 81' lang='lat'>3</span> <span class='ocrx_word' id='word_1_25' title='bbox 3056 677 3118 727; x_wconf 93' lang='lat'>1.</span> <span class='ocrx_word' id='word_1_26' title='bbox 3144 670 3334 755; x_wconf 76' lang='lat' dir='ltr'>part.</span> <span class='ocrx_word' id='word_1_27' title='bbox 3354 680 3425 741; x_wconf 84' lang='lat'>4.</span> 
     </span>
     <span class='ocr_line' id='line_1_4' title="bbox 1095 752 3428 866; baseline -0.005 -30"><span class='ocrx_word' id='word_1_28' title='bbox 1095 772 1264 866; x_wconf 74' lang='lat' dir='ltr'>Jar.</span> <span class='ocrx_word' id='word_1_29' title='bbox 1295 765 1485 852; x_wconf 60' lang='lat' dir='ltr'>nan).</span> <span class='ocrx_word' id='word_1_30' title='bbox 1587 752 2056 857; x_wconf 72' lang='lat' dir='ltr'>Quamobrem</span> <span class='ocrx_word' id='word_1_31' title='bbox 2090 779 2249 829; x_wconf 90' lang='lat' dir='ltr'>cum</span> <span class='ocrx_word' id='word_1_32' title='bbox 2291 753 2576 848; x_wconf 79' lang='lat' dir='ltr'>diligens</span> <span class='ocrx_word' id='word_1_33' title='bbox 2613 755 2907 828; x_wconf 85' lang='lat' dir='ltr'>alterum</span> <span class='ocrx_word' id='word_1_34' title='bbox 2930 760 2935 766; x_wconf 87' lang='grc'><strong>’</strong></span> <span class='ocrx_word' id='word_1_35' title='bbox 2962 757 3157 827; x_wconf 88' lang='lat' dir='ltr'>omni</span> <span class='ocrx_word' id='word_1_36' title='bbox 3202 752 3428 826; x_wconf 86' lang='lat' dir='ltr'>studio</span> 
     </span>
     <span class='ocr_line' id='line_1_5' title="bbox 1099 852 3426 961; baseline -0.006 -19"><span class='ocrx_word' id='word_1_37' title='bbox 1099 870 1174 945; x_wconf 86' lang='lat' dir='ltr'>id</span> <span class='ocrx_word' id='word_1_38' title='bbox 1218 888 1405 961; x_wconf 86' lang='lat' dir='ltr'>agat,</span> <span class='ocrx_word' id='word_1_39' title='bbox 1446 883 1522 933; x_wconf 87' lang='lat' dir='ltr'>ut</span> <span class='ocrx_word' id='word_1_40' title='bbox 1569 860 1739 953; x_wconf 78' lang='lat' dir='ltr'>alter</span> <span class='ocrx_word' id='word_1_41' title='bbox 1786 856 1866 929; x_wconf 85' lang='lat' dir='ltr'>fit</span> <span class='ocrx_word' id='word_1_42' title='bbox 1912 852 2112 941; x_wconf 82' lang='lat' dir='ltr'>felix,</span> <span class='ocrx_word' id='word_1_43' title='bbox 2151 881 2224 930; x_wconf 87' lang='lat' dir='ltr'>ac</span> <span class='ocrx_word' id='word_1_44' title='bbox 2269 878 2526 941; x_wconf 82' lang='lat' dir='ltr'><strong>caveat,</strong></span> <span class='ocrx_word' id='word_1_45' title='bbox 2574 860 2660 929; x_wconf 84' lang='lat' dir='ltr'>ne</span> <span class='ocrx_word' id='word_1_46' title='bbox 2708 855 2822 930; x_wconf 83' lang='lat' dir='ltr'>fiat</span> <span class='ocrx_word' id='word_1_47' title='bbox 2865 852 3102 930; x_wconf 75' lang='lat' dir='ltr'>infelix</span> <span class='ocrx_word' id='word_1_48' title='bbox 3131 859 3218 948; x_wconf 84' lang='lat'>(§.</span> <span class='ocrx_word' id='word_1_49' title='bbox 3251 861 3426 951; x_wconf 84' lang='lat'>617.</span> 
     </span>
     <span class='ocr_line' id='line_1_6' title="bbox 1103 942 3503 1075; baseline -0.006 -31"><span class='ocrx_word' id='word_1_50' title='bbox 1103 990 1283 1075; x_wconf 83' lang='lat' dir='ltr'>part.</span> <span class='ocrx_word' id='word_1_51' title='bbox 1330 994 1370 1040; x_wconf 86' lang='lat'>1.</span> <span class='ocrx_word' id='word_1_52' title='bbox 1398 968 1565 1069; x_wconf 51' lang='grc' dir='ltr'>ἶνιν.</span> <span class='ocrx_word' id='word_1_53' title='bbox 1598 963 1765 1051; x_wconf 85' lang='lat' dir='ltr'>nat.)</span> <span class='ocrx_word' id='word_1_54' title='bbox 1782 988 1811 1044; x_wconf 90' lang='lat'>,·</span> <span class='ocrx_word' id='word_1_55' title='bbox 1862 980 2051 1053; x_wconf 85' lang='lat' dir='ltr'>grato</span> <span class='ocrx_word' id='word_1_56' title='bbox 2073 962 2305 1031; x_wconf 86' lang='lat' dir='ltr'>animo</span> <span class='ocrx_word' id='word_1_57' title='bbox 2342 962 2583 1057; x_wconf 88' lang='lat' dir='ltr'>utique</span> <span class='ocrx_word' id='word_1_58' title='bbox 2611 954 3032 1050; x_wconf 76' lang='lat' dir='ltr'>adversatur,</span> <span class='ocrx_word' id='word_1_59' title='bbox 3074 983 3153 1032; x_wconf 85' lang='lat' dir='ltr'>ut</span> <span class='ocrx_word' id='word_1_60' title='bbox 3174 957 3431 1032; x_wconf 85' lang='lat' dir='ltr'>benefi-</span> <span class='ocrx_word' id='word_1_61' title='bbox 3490 942 3503 953; x_wconf 60' lang='grc'><strong><em>’</em></strong></span> 
     </span>
     <span class='ocr_line' id='line_1_7' title="bbox 1105 1055 3431 1159; baseline -0.006 -13"><span class='ocrx_word' id='word_1_62' title='bbox 1105 1077 1289 1148; x_wconf 86' lang='lat' dir='ltr'>cium</span> <span class='ocrx_word' id='word_1_63' title='bbox 1336 1066 1723 1139; x_wconf 81' lang='lat' dir='ltr'>redditurus</span> <span class='ocrx_word' id='word_1_64' title='bbox 1786 1061 2151 1159; x_wconf 78' lang='lat' dir='ltr'>disquirat,</span> <span class='ocrx_word' id='word_1_65' title='bbox 2182 1114 2185 1117; x_wconf 89' lang='lat'>-</span> <span class='ocrx_word' id='word_1_66' title='bbox 2225 1087 2398 1133; x_wconf 86' lang='lat' dir='ltr'>num</span> <span class='ocrx_word' id='word_1_67' title='bbox 2454 1060 2785 1136; x_wconf 82' lang='lat' dir='ltr'>beneficio</span> <span class='ocrx_word' id='word_1_68' title='bbox 2849 1058 2972 1134; x_wconf 87' lang='lat' dir='ltr'>suo</span> <span class='ocrx_word' id='word_1_69' title='bbox 3035 1055 3431 1135; x_wconf 62' lang='lat' dir='ltr'>benefaaor</span> 
     </span>
     <span class='ocr_line' id='line_1_8' title="bbox 1103 1162 3438 1266; baseline -0.005 -19"><span class='ocrx_word' id='word_1_70' title='bbox 1103 1172 1466 1254; x_wconf 88' lang='lat' dir='ltr'>meruerit,</span> <span class='ocrx_word' id='word_1_71' title='bbox 1492 1188 1573 1239; x_wconf 88' lang='lat' dir='ltr'>ut</span> <span class='ocrx_word' id='word_1_72' title='bbox 1605 1188 1870 1237; x_wconf 85' lang='lat' dir='ltr'>tantum</span> <span class='ocrx_word' id='word_1_73' title='bbox 1908 1162 2033 1265; x_wconf 78' lang='lat' dir='ltr'>ipfi</span> <span class='ocrx_word' id='word_1_74' title='bbox 2062 1162 2397 1236; x_wconf 83' lang='lat' dir='ltr'>reddatur.</span> <span class='ocrx_word' id='word_1_75' title='bbox 2495 1162 2755 1266; x_wconf 81' lang='lat' dir='ltr'>Qodfi</span> <span class='ocrx_word' id='word_1_76' title='bbox 2781 1164 2866 1236; x_wconf 86' lang='lat' dir='ltr'>ad</span> <span class='ocrx_word' id='word_1_77' title='bbox 2892 1164 3438 1260; x_wconf 80' lang='lat' dir='ltr'>magnitudinem</span> 
     </span>
     <span class='ocr_line' id='line_1_9' title="bbox 1105 1262 3436 1367; baseline -0.005 -18"><span class='ocrx_word' id='word_1_78' title='bbox 1105 1271 1440 1367; x_wconf 87' lang='lat' dir='ltr'>beneficii,</span> <span class='ocrx_word' id='word_1_79' title='bbox 1494 1268 1680 1367; x_wconf 90' lang='lat' dir='ltr'>quod</span> <span class='ocrx_word' id='word_1_80' title='bbox 1711 1262 1830 1340; x_wconf 89' lang='lat' dir='ltr'>suo</span> <span class='ocrx_word' id='word_1_81' title='bbox 1845 1265 2132 1339; x_wconf 77' lang='lat' dir='ltr'>modulo</span> <span class='ocrx_word' id='word_1_82' title='bbox 2167 1269 2445 1339; x_wconf 85' lang='lat' dir='ltr'>metitur</span> <span class='ocrx_word' id='word_1_83' title='bbox 2478 1272 2562 1359; x_wconf 55' lang='grc' dir='ltr'>(ᾗ.</span> <span class='ocrx_word' id='word_1_84' title='bbox 2591 1264 2834 1365; x_wconf 63' lang='lat'>4342),</span> <span class='ocrx_word' id='word_1_85' title='bbox 2873 1272 3178 1339; x_wconf 85' lang='lat' dir='ltr'>animum</span> <span class='ocrx_word' id='word_1_86' title='bbox 3217 1288 3436 1339; x_wconf 84' lang='lat' dir='ltr'>atten-</span> 
     </span>
    </p>

    <p class='ocr_par' dir='ltr' id='par_1_3' title="bbox 1059 1364 3429 1776">
     <span class='ocr_line' id='line_1_10' title="bbox 1059 1364 3429 1466; baseline -0.003 -16"><span class='ocrx_word' id='word_1_87' title='bbox 1059 1386 1062 1395; x_wconf 77' lang='grc'>’</span> <span class='ocrx_word' id='word_1_88' title='bbox 1107 1377 1250 1463; x_wconf 58' lang='lat' dir='ltr'>diu</span> <span class='ocrx_word' id='word_1_89' title='bbox 1301 1399 1445 1448; x_wconf 91' lang='lat' dir='ltr'>non</span> <span class='ocrx_word' id='word_1_90' title='bbox 1474 1371 1609 1444; x_wconf 82' lang='lat' dir='ltr'>alio</span> <span class='ocrx_word' id='word_1_91' title='bbox 1641 1367 1773 1442; x_wconf 80' lang='lat' dir='ltr'>fine</span> <span class='ocrx_word' id='word_1_92' title='bbox 1806 1371 1944 1442; x_wconf 84' lang='lat' dir='ltr'>hoc</span> <span class='ocrx_word' id='word_1_93' title='bbox 1992 1364 2191 1453; x_wconf 82' lang='lat' dir='ltr'>facit,</span> <span class='ocrx_word' id='word_1_94' title='bbox 2244 1393 2448 1466; x_wconf 82' lang='lat' dir='ltr'>quam</span> <span class='ocrx_word' id='word_1_95' title='bbox 2492 1391 2570 1441; x_wconf 86' lang='lat' dir='ltr'>ut</span> <span class='ocrx_word' id='word_1_96' title='bbox 2608 1394 2802 1441; x_wconf 87' lang='lat' dir='ltr'>amor</span> <span class='ocrx_word' id='word_1_97' title='bbox 2844 1372 3187 1443; x_wconf 82' lang='lat' dir='ltr'>memoria</span> <span class='ocrx_word' id='word_1_98' title='bbox 3222 1366 3429 1442; x_wconf 88' lang='lat' dir='ltr'>bene·</span> 
     </span>
     <span class='ocr_line' id='line_1_11' title="bbox 1104 1467 3427 1570; baseline -0.005 -15"><span class='ocrx_word' id='word_1_99' title='bbox 1104 1478 1242 1555; x_wconf 82' lang='lat' dir='ltr'>ficii</span> <span class='ocrx_word' id='word_1_100' title='bbox 1274 1473 1709 1550; x_wconf 75' lang='lat' dir='ltr'>concitandus</span> <span class='ocrx_word' id='word_1_101' title='bbox 1733 1467 2485 1567; x_wconf 30' lang='lat' dir='ltr'>efficiatur‘ardentior,</span> <span class='ocrx_word' id='word_1_102' title='bbox 2528 1492 2745 1570; x_wconf 52' lang='lat' dir='ltr'>atque*</span> <span class='ocrx_word' id='word_1_103' title='bbox 2769 1468 3178 1546; x_wconf 82' lang='lat' dir='ltr'>beneficium</span> <span class='ocrx_word' id='word_1_104' title='bbox 3240 1492 3427 1544; x_wconf 81' lang='lat' dir='ltr'>tanto</span> 
     </span>
     <span class='ocr_line' id='line_1_12' title="bbox 1113 1570 3424 1671; baseline -0.004 -16"><span class='ocrx_word' id='word_1_105' title='bbox 1113 1578 1456 1655; x_wconf 83' lang='lat' dir='ltr'>lubentius</span> <span class='ocrx_word' id='word_1_106' title='bbox 1488 1574 1826 1648; x_wconf 77' lang='lat' dir='ltr'><strong>reddatur.</strong></span> <span class='ocrx_word' id='word_1_107' title='bbox 1929 1581 2154 1671; x_wconf 82' lang='lat' dir='ltr'>Atque</span> <span class='ocrx_word' id='word_1_108' title='bbox 2191 1573 2330 1644; x_wconf 81' lang='lat' dir='ltr'>haec</span> <span class='ocrx_word' id='word_1_109' title='bbox 2363 1573 2844 1669; x_wconf 70' lang='lat' dir='ltr'>magnitudinis</span> <span class='ocrx_word' id='word_1_110' title='bbox 2874 1572 3184 1647; x_wconf 82' lang='lat' dir='ltr'>beneficii</span> <span class='ocrx_word' id='word_1_111' title='bbox 3215 1570 3424 1647; x_wconf 84' lang='lat' dir='ltr'>confi-</span> 
     </span>
     <span class='ocr_line' id='line_1_13' title="bbox 1107 1672 3429 1776; baseline -0.004 -19"><span class='ocrx_word' id='word_1_112' title='bbox 1107 1686 1364 1757; x_wconf 87' lang='lat' dir='ltr'>deratio</span> <span class='ocrx_word' id='word_1_113' title='bbox 1396 1704 1536 1752; x_wconf 90' lang='lat' dir='ltr'>non</span> <span class='ocrx_word' id='word_1_114' title='bbox 1571 1675 1864 1776; x_wconf 88' lang='lat' dir='ltr'>impedit</span> <span class='ocrx_word' id='word_1_115' title='bbox 1888 1674 2341 1748; x_wconf 83' lang='lat' dir='ltr'>redditionem</span> <span class='ocrx_word' id='word_1_116' title='bbox 2359 1672 2671 1747; x_wconf 82' lang='lat' dir='ltr'>beneficii</span> <span class='ocrx_word' id='word_1_117' title='bbox 2703 1676 3002 1774; x_wconf 81' lang='lat' dir='ltr'>majoris,</span> <span class='ocrx_word' id='word_1_118' title='bbox 3020 1702 3226 1776; x_wconf 86' lang='lat' dir='ltr'>quam</span> <span class='ocrx_word' id='word_1_119' title='bbox 3246 1675 3429 1774; x_wconf 88' lang='lat' dir='ltr'>quod</span> 
     </span>
    </p>

    <p class='ocr_par' dir='ltr' id='par_1_4' title="bbox 1027 1776 3427 2089">
     <span class='ocr_line' id='line_1_14' title="bbox 1027 1776 3427 1884; baseline -0.004 -24"><span class='ocrx_word' id='word_1_120' title='bbox 1027 1792 1034 1797; x_wconf 74' lang='grc'>’</span> <span class='ocrx_word' id='word_1_121' title='bbox 1111 1787 1528 1884; x_wconf 75' lang='lat' dir='ltr'>accepimuS‚</span> <span class='ocrx_word' id='word_1_122' title='bbox 1564 1776 1673 1852; x_wconf 88' lang='lat' dir='ltr'>sed</span> <span class='ocrx_word' id='word_1_123' title='bbox 1705 1780 1935 1879; x_wconf 86' lang='lat' dir='ltr'>potius</span> <span class='ocrx_word' id='word_1_124' title='bbox 1957 1784 2342 1877; x_wconf 67' lang='lat' dir='ltr'>promovet</span> <span class='ocrx_word' id='word_1_125' title='bbox 2444 1784 2559 1850; x_wconf 92' lang='lat' dir='ltr'>Ne</span> <span class='ocrx_word' id='word_1_126' title='bbox 2607 1803 2771 1850; x_wconf 84' lang='lat' dir='ltr'>vero</span> <span class='ocrx_word' id='word_1_127' title='bbox 2806 1783 2881 1857; x_wconf 87' lang='lat' dir='ltr'>in</span> <span class='ocrx_word' id='word_1_128' title='bbox 2922 1778 3427 1853; x_wconf 86' lang='lat' dir='ltr'>determinanda</span> 
     </span>
     <span class='ocr_line' id='line_1_15' title="bbox 1112 1874 3424 1981; baseline -0.002 -19"><span class='ocrx_word' id='word_1_129' title='bbox 1112 1884 1575 1981; x_wconf 83' lang='lat' dir='ltr'>magnitudine</span> <span class='ocrx_word' id='word_1_130' title='bbox 1629 1877 1940 1953; x_wconf 83' lang='lat' dir='ltr'>beneficii</span> <span class='ocrx_word' id='word_1_131' title='bbox 1996 1878 2416 1969; x_wconf 81' lang='lat' dir='ltr'>deficiamus,</span> <span class='ocrx_word' id='word_1_132' title='bbox 2472 1874 2866 1981; x_wconf 82' lang='lat' dir='ltr'>sequentem</span> <span class='ocrx_word' id='word_1_133' title='bbox 2908 1882 3125 1956; x_wconf 80' lang='lat' dir='ltr'>adhuc</span> <span class='ocrx_word' id='word_1_134' title='bbox 3186 1880 3424 1957; x_wconf 80' lang='lat' dir='ltr'>addere</span> 
     </span>
     <span class='ocr_line' id='line_1_16' title="bbox 1122 1982 3159 2089; baseline -0.007 -25"><span class='ocrx_word' id='word_1_135' title='bbox 1122 1988 1309 2064; x_wconf 85' lang='lat' dir='ltr'>lubet</span> <span class='ocrx_word' id='word_1_136' title='bbox 1335 1982 1903 2089; x_wconf 79' lang='lat' dir='ltr'>propositionem.</span> <span class='ocrx_word' id='word_1_137' title='bbox 2746 1988 2749 1989; x_wconf 72' lang='grc'>’</span> <span class='ocrx_word' id='word_1_138' title='bbox 3132 2012 3159 2019; x_wconf 59' lang='lat'><strong><em>„</em></strong></span> 
     </span>
    </p>
   </div>
   <div class='ocr_carea' id='block_1_3' title="bbox 453 2300 3419 3560">
    <p class='ocr_par' dir='ltr' id='par_1_5' title="bbox 453 2300 3419 3105">
     <span class='ocr_line' id='line_1_17' title="bbox 453 2300 3419 2457; baseline -0.016 -25"><span class='ocrx_word' id='word_1_139' title='bbox 453 2348 564 2432; x_wconf 84' lang='lat' dir='ltr'>De&#39;</span> <span class='ocrx_word' id='word_1_140' title='bbox 597 2316 896 2457; x_wconf 58' lang='lat' dir='ltr'>apporta.</span> <span class='ocrx_word' id='word_1_141' title='bbox 1211 2319 1280 2387; x_wconf 78' lang='lat' dir='ltr'>ln</span> <span class='ocrx_word' id='word_1_142' title='bbox 1317 2303 1670 2404; x_wconf 70' lang='lat' dir='ltr'>estimanda</span> <span class='ocrx_word' id='word_1_143' title='bbox 1712 2305 2149 2413; x_wconf 77' lang='lat' dir='ltr'>magnitudine</span> <span class='ocrx_word' id='word_1_144' title='bbox 2193 2307 2473 2401; x_wconf 70' lang='lat' dir='ltr'>beneficii</span> <span class='ocrx_word' id='word_1_145' title='bbox 2527 2300 2818 2382; x_wconf 80' lang='lat' dir='ltr'>habenda</span> <span class='ocrx_word' id='word_1_146' title='bbox 2875 2312 3074 2385; x_wconf 83' lang='lat' dir='ltr'>etiam</span> <span class='ocrx_word' id='word_1_147' title='bbox 3122 2313 3297 2385; x_wconf 76' lang='lat' dir='ltr'>ratio</span> <span class='ocrx_word' id='word_1_148' title='bbox 3344 2309 3419 2404; x_wconf 70' lang='lat' dir='ltr'>est</span> 
     </span>
     <span class='ocr_line' id='line_1_18' title="bbox 454 2416 3417 2547; baseline -0.003 -36"><span class='ocrx_word' id='word_1_149' title='bbox 454 2475 661 2547; x_wconf 60' lang='lat' dir='ltr'>„ime</span> <span class='ocrx_word' id='word_1_150' title='bbox 720 2469 823 2540; x_wconf 35' lang='grc' dir='ltr'>,Υ</span> <span class='ocrx_word' id='word_1_151' title='bbox 921 2429 1455 2539; x_wconf 77' lang='lat' dir='ltr'>opportunitatis,</span> <span class='ocrx_word' id='word_1_152' title='bbox 1503 2416 1625 2499; x_wconf 82' lang='lat' dir='ltr'>boc</span> <span class='ocrx_word' id='word_1_153' title='bbox 1653 2422 1772 2517; x_wconf 76' lang='lat' dir='ltr'>est,</span> <span class='ocrx_word' id='word_1_154' title='bbox 1815 2418 2323 2528; x_wconf 77' lang='lat' dir='ltr'>confiderandum</span> <span class='ocrx_word' id='word_1_155' title='bbox 2340 2481 2361 2517; x_wconf 89' lang='lat'>,</span> <span class='ocrx_word' id='word_1_156' title='bbox 2428 2438 2736 2526; x_wconf 80' lang='lat' dir='ltr'>quantum</span> <span class='ocrx_word' id='word_1_157' title='bbox 2756 2428 2761 2437; x_wconf 89' lang='lat'><em>‘</em></span> <span class='ocrx_word' id='word_1_158' title='bbox 2780 2426 2990 2531; x_wconf 68' lang='lat' dir='ltr'>nostra</span> <span class='ocrx_word' id='word_1_159' title='bbox 3033 2427 3308 2528; x_wconf 73' lang='lat' dir='ltr'>interfit,</span> <span class='ocrx_word' id='word_1_160' title='bbox 3354 2442 3417 2501; x_wconf 78' lang='lat' dir='ltr'>tet</span> 
     </span>
     <span class='ocr_line' id='line_1_19' title="bbox 453 2535 3416 2679; baseline -0.004 -51"><span class='ocrx_word' id='word_1_161' title='bbox 453 2576 810 2679; x_wconf 63' lang='lat' dir='ltr'>aflmmnda</span> <span class='ocrx_word' id='word_1_162' title='bbox 922 2539 1085 2626; x_wconf 71' lang='lat' dir='ltr'>itanc</span> <span class='ocrx_word' id='word_1_163' title='bbox 1121 2542 1480 2636; x_wconf 75' lang='lat' dir='ltr'>beneficiam</span> <span class='ocrx_word' id='word_1_164' title='bbox 1503 2542 1883 2642; x_wconf 82' lang='lat' dir='ltr'>accipiatur.</span> <span class='ocrx_word' id='word_1_165' title='bbox 1918 2559 1927 2566; x_wconf 58' lang='grc'><em>“</em></span> <span class='ocrx_word' id='word_1_166' title='bbox 1993 2535 2362 2616; x_wconf 87' lang='lat' dir='ltr'>Beneficia</span> <span class='ocrx_word' id='word_1_167' title='bbox 2396 2540 2598 2634; x_wconf 77' lang='lat' dir='ltr'>enim</span> <span class='ocrx_word' id='word_1_168' title='bbox 2630 2539 2775 2613; x_wconf 84' lang='lat' dir='ltr'>rite</span> <span class='ocrx_word' id='word_1_169' title='bbox 2802 2536 3226 2617; x_wconf 72' lang='lat' dir='ltr'>aestimaturi</span> <span class='ocrx_word' id='word_1_170' title='bbox 3266 2564 3416 2643; x_wconf 89' lang='lat' dir='ltr'>per·</span> 
     </span>
     <span class='ocr_line' id='line_1_20' title="bbox 454 2651 3412 2804; baseline -0.004 -62"><span class='ocrx_word' id='word_1_171' title='bbox 454 2690 889 2804; x_wconf 56' lang='lat' dir='ltr'>magnitudine</span> <span class='ocrx_word' id='word_1_172' title='bbox 925 2657 1256 2769; x_wconf 87' lang='lat' dir='ltr'>pendere</span> <span class='ocrx_word' id='word_1_173' title='bbox 1279 2651 1669 2752; x_wconf 81' lang='lat' dir='ltr'>debemus,</span> <span class='ocrx_word' id='word_1_174' title='bbox 1703 2651 2105 2750; x_wconf 86' lang='lat' dir='ltr'>quomodo</span> <span class='ocrx_word' id='word_1_175' title='bbox 2131 2652 2440 2730; x_wconf 85' lang='lat' dir='ltr'>influant</span> <span class='ocrx_word' id='word_1_176' title='bbox 2471 2678 2628 2729; x_wconf 89' lang='lat' dir='ltr'>non</span> <span class='ocrx_word' id='word_1_177' title='bbox 2657 2652 2894 2731; x_wconf 88' lang='lat' dir='ltr'>modo</span> <span class='ocrx_word' id='word_1_178' title='bbox 2925 2657 3002 2731; x_wconf 91' lang='lat' dir='ltr'>in</span> <span class='ocrx_word' id='word_1_179' title='bbox 3033 2652 3412 2758; x_wconf 69' lang='lat' dir='ltr'>pet-festio·</span> 
     </span>
     <span class='ocr_line' id='line_1_21' title="bbox 456 2764 3413 2904; baseline -0.005 -43"><span class='ocrx_word' id='word_1_180' title='bbox 456 2810 736 2904; x_wconf 61' lang='lat' dir='ltr'><em>benefici,-</em></span> <span class='ocrx_word' id='word_1_181' title='bbox 782 2785 882 2880; x_wconf 59' lang='lat' dir='ltr'>ag.</span> <span class='ocrx_word' id='word_1_182' title='bbox 926 2800 1102 2855; x_wconf 90' lang='lat' dir='ltr'>nem</span> <span class='ocrx_word' id='word_1_183' title='bbox 1136 2768 1582 2878; x_wconf 74' lang='lat' dir='ltr'>praesentem</span> <span class='ocrx_word' id='word_1_184' title='bbox 1615 2765 1940 2845; x_wconf 83' lang='lat' dir='ltr'>nostram</span> <span class='ocrx_word' id='word_1_185' title='bbox 1974 2765 2345 2866; x_wconf 86' lang='lat' dir='ltr'>statusque</span> <span class='ocrx_word' id='word_1_186' title='bbox 2372 2764 2656 2867; x_wconf 84' lang='lat' dir='ltr'>nostri,</span> <span class='ocrx_word' id='word_1_187' title='bbox 2689 2793 2958 2846; x_wconf 87' lang='lat' dir='ltr'>verum</span> <span class='ocrx_word' id='word_1_188' title='bbox 2991 2773 3212 2870; x_wconf 83' lang='lat' dir='ltr'>etiam</span> <span class='ocrx_word' id='word_1_189' title='bbox 3231 2796 3413 2869; x_wconf 80' lang='lat' dir='ltr'>quae·</span> 
     </span>
     <span class='ocr_line' id='line_1_22' title="bbox 460 2880 3414 3005; baseline -0.005 -32"><span class='ocrx_word' id='word_1_190' title='bbox 460 2920 800 3005; x_wconf 54' lang='lat' dir='ltr'>tendenda·</span> <span class='ocrx_word' id='word_1_191' title='bbox 925 2916 1100 2970; x_wconf 89' lang='lat' dir='ltr'>nam</span> <span class='ocrx_word' id='word_1_192' title='bbox 1125 2890 1325 2966; x_wconf 90' lang='lat' dir='ltr'>bona</span> <span class='ocrx_word' id='word_1_193' title='bbox 1359 2888 1437 2960; x_wconf 88' lang='lat' dir='ltr'>in</span> <span class='ocrx_word' id='word_1_194' title='bbox 1468 2880 1852 2985; x_wconf 83' lang='lat' dir='ltr'>posterum</span> <span class='ocrx_word' id='word_1_195' title='bbox 1882 2881 1968 2958; x_wconf 86' lang='lat' dir='ltr'>ab</span> <span class='ocrx_word' id='word_1_196' title='bbox 2001 2881 2268 2982; x_wconf 79' lang='lat' dir='ltr'>iisdem</span> <span class='ocrx_word' id='word_1_197' title='bbox 2299 2883 2770 2989; x_wconf 84' lang='lat' dir='ltr'>dependeant</span> <span class='ocrx_word' id='word_1_198' title='bbox 2800 2882 2896 2984; x_wconf 83' lang='lat'>(§.</span> <span class='ocrx_word' id='word_1_199' title='bbox 2926 2887 3195 2987; x_wconf 79' lang='lat'>434.).‘</span> <span class='ocrx_word' id='word_1_200' title='bbox 3229 2884 3414 2963; x_wconf 88' lang='lat' dir='ltr'>Con·</span> 
     </span>
     <span class='ocr_line' id='line_1_23' title="bbox 926 2994 3413 3105; baseline -0.003 -21"><span class='ocrx_word' id='word_1_201' title='bbox 926 3002 1062 3084; x_wconf 88' lang='lat' dir='ltr'>stat</span> <span class='ocrx_word' id='word_1_202' title='bbox 1086 3025 1274 3081; x_wconf 75' lang='lat' dir='ltr'>vero</span> <span class='ocrx_word' id='word_1_203' title='bbox 1310 2997 1632 3075; x_wconf 89' lang='lat' dir='ltr'>multum</span> <span class='ocrx_word' id='word_1_204' title='bbox 1663 2994 1986 3094; x_wconf 85' lang='lat' dir='ltr'>referre,</span> <span class='ocrx_word' id='word_1_205' title='bbox 2022 3020 2278 3075; x_wconf 87' lang='lat' dir='ltr'>utrum</span> <span class='ocrx_word' id='word_1_206' title='bbox 2313 2997 3094 3097; x_wconf 86' lang='lat' dir='ltr'>beneficiumaliquod</span> <span class='ocrx_word' id='word_1_207' title='bbox 3129 3005 3413 3105; x_wconf 54' lang='lat' dir='ltr'>accipiar</span> 
     </span>
    </p>

    <p class='ocr_par' dir='ltr' id='par_1_6' title="bbox 927 3115 3416 3222">
     <span class='ocr_line' id='line_1_24' title="bbox 927 3115 3416 3222; baseline -0.004 -20"><span class='ocrx_word' id='word_1_208' title='bbox 927 3145 1098 3202; x_wconf 85' lang='lat' dir='ltr'>mus</span> <span class='ocrx_word' id='word_1_209' title='bbox 1134 3118 1286 3196; x_wconf 88' lang='lat' dir='ltr'>hoc</span> <span class='ocrx_word' id='word_1_210' title='bbox 1320 3136 1709 3217; x_wconf 79' lang='lat' dir='ltr'>tempore,</span> <span class='ocrx_word' id='word_1_211' title='bbox 1766 3135 1994 3209; x_wconf 86' lang='lat' dir='ltr'>quam</span> <span class='ocrx_word' id='word_1_212' title='bbox 2023 3115 2211 3215; x_wconf 80' lang='lat' dir='ltr'>alic,</span> <span class='ocrx_word' id='word_1_213' title='bbox 2254 3140 2426 3191; x_wconf 88' lang='lat' dir='ltr'>cum</span> <span class='ocrx_word' id='word_1_214' title='bbox 2460 3137 2614 3195; x_wconf 84' lang='lat' dir='ltr'>uno</span> <span class='ocrx_word' id='word_1_215' title='bbox 2646 3135 2993 3219; x_wconf 86' lang='lat' dir='ltr'>tempore</span> <span class='ocrx_word' id='word_1_216' title='bbox 3036 3121 3283 3222; x_wconf 83' lang='lat' dir='ltr'>magis</span> <span class='ocrx_word' id='word_1_217' title='bbox 3314 3141 3416 3193; x_wconf 61' lang='lat' dir='ltr'>eo»</span> 
     </span>
    </p>

    <p class='ocr_par' dir='ltr' id='par_1_7' title="bbox 893 3226 3416 3335">
     <span class='ocr_line' id='line_1_25' title="bbox 893 3226 3416 3335; baseline -0.003 -19"><span class='ocrx_word' id='word_1_218' title='bbox 893 3237 1105 3316; x_wconf 59' lang='lat' dir='ltr'>„dem</span> <span class='ocrx_word' id='word_1_219' title='bbox 1132 3228 1641 3335; x_wconf 83' lang='lat' dir='ltr'>indigeamus,</span> <span class='ocrx_word' id='word_1_220' title='bbox 1706 3250 1935 3325; x_wconf 86' lang='lat' dir='ltr'>quam</span> <span class='ocrx_word' id='word_1_221' title='bbox 1964 3231 2150 3330; x_wconf 80' lang='lat' dir='ltr'>alie,</span> <span class='ocrx_word' id='word_1_222' title='bbox 2197 3232 2274 3308; x_wconf 85' lang='lat'>&amp;</span> <span class='ocrx_word' id='word_1_223' title='bbox 2310 3252 2400 3305; x_wconf 86' lang='lat' dir='ltr'>ex</span> <span class='ocrx_word' id='word_1_224' title='bbox 2435 3226 2706 3308; x_wconf 88' lang='lat' dir='ltr'>eodem</span> <span class='ocrx_word' id='word_1_225' title='bbox 2756 3231 3121 3330; x_wconf 84' lang='lat' dir='ltr'>majorem</span> <span class='ocrx_word' id='word_1_226' title='bbox 3167 3235 3416 3310; x_wconf 84' lang='lat' dir='ltr'>utilita-</span> 
     </span>
    </p>

    <p class='ocr_par' dir='ltr' id='par_1_8' title="bbox 921 3340 3417 3560">
     <span class='ocr_line' id='line_1_26' title="bbox 934 3340 3410 3451; baseline -0.004 -21"><span class='ocrx_word' id='word_1_227' title='bbox 934 3373 1090 3430; x_wconf 89' lang='lat' dir='ltr'>tem</span> <span class='ocrx_word' id='word_1_228' title='bbox 1142 3349 1539 3450; x_wconf 81' lang='lat' dir='ltr'>capiamus.</span> <span class='ocrx_word' id='word_1_229' title='bbox 1654 3342 1739 3419; x_wconf 90' lang='lat' dir='ltr'>In</span> <span class='ocrx_word' id='word_1_230' title='bbox 1775 3340 2199 3424; x_wconf 82' lang='lat' dir='ltr'>aestimanda</span> <span class='ocrx_word' id='word_1_231' title='bbox 2256 3348 2485 3449; x_wconf 85' lang='lat' dir='ltr'>igitur</span> <span class='ocrx_word' id='word_1_232' title='bbox 2529 3344 3049 3451; x_wconf 82' lang='lat' dir='ltr'>magnitudine</span> <span class='ocrx_word' id='word_1_233' title='bbox 3098 3344 3410 3425; x_wconf 83' lang='lat' dir='ltr'>beneficii</span> 
     </span>
     <span class='ocr_line' id='line_1_27' title="bbox 921 3451 3417 3560; baseline -0.004 -15"><span class='ocrx_word' id='word_1_234' title='bbox 921 3458 1583 3558; x_wconf 85' lang='lat' dir='ltr'>confiderandum‚</span> <span class='ocrx_word' id='word_1_235' title='bbox 1625 3481 1988 3556; x_wconf 89' lang='lat' dir='ltr'>quantum</span> <span class='ocrx_word' id='word_1_236' title='bbox 2025 3455 2270 3536; x_wconf 88' lang='lat' dir='ltr'>nostra</span> <span class='ocrx_word' id='word_1_237' title='bbox 2314 3456 2620 3560; x_wconf 88' lang='lat' dir='ltr'>interfit,</span> <span class='ocrx_word' id='word_1_238' title='bbox 2657 3483 2741 3538; x_wconf 90' lang='lat' dir='ltr'>ut</span> <span class='ocrx_word' id='word_1_239' title='bbox 2771 3459 3215 3539; x_wconf 77' lang='lat' dir='ltr'>beneficium</span> <span class='ocrx_word' id='word_1_240' title='bbox 3242 3451 3417 3538; x_wconf 78' lang='lat' dir='ltr'>nunc</span> 
     </span>
    </p>
   </div>
   <div class='ocr_carea' id='block_1_4' title="bbox 763 3571 3327 3686">
    <p class='ocr_par' dir='ltr' id='par_1_9' title="bbox 763 3571 3327 3686">
     <span class='ocr_line' id='line_1_28' title="bbox 763 3571 3327 3686; baseline -0 -26"><span class='ocrx_word' id='word_1_241' title='bbox 763 3589 770 3592; x_wconf 80' lang='grc'>’</span> <span class='ocrx_word' id='word_1_242' title='bbox 853 3657 856 3660; x_wconf 74' lang='grc'><em>,</em></span> <span class='ocrx_word' id='word_1_243' title='bbox 913 3582 1340 3686; x_wconf 83' lang='lat' dir='ltr'>accipiatur,</span> <span class='ocrx_word' id='word_1_244' title='bbox 1386 3573 1717 3670; x_wconf 87' lang='lat' dir='ltr'>ideoque</span> <span class='ocrx_word' id='word_1_245' title='bbox 1734 3572 2073 3650; x_wconf 80' lang='lat' dir='ltr'>habenda</span> <span class='ocrx_word' id='word_1_246' title='bbox 2098 3577 2316 3652; x_wconf 87' lang='lat' dir='ltr'>etiam</span> <span class='ocrx_word' id='word_1_247' title='bbox 2342 3578 2533 3651; x_wconf 90' lang='lat' dir='ltr'>ratio</span> <span class='ocrx_word' id='word_1_248' title='bbox 2569 3571 2673 3654; x_wconf 87' lang='lat' dir='ltr'>est</span> <span class='ocrx_word' id='word_1_249' title='bbox 2704 3581 3327 3680; x_wconf 57' lang='lat' dir='ltr'>opportunitati&amp;</span> 
     </span>
    </p>
   </div>
   <div class='ocr_carea' id='block_1_5' title="bbox 1118 3713 3428 4237">
    <p class='ocr_par' dir='ltr' id='par_1_10' title="bbox 1118 3713 3428 4131">
     <span class='ocr_line' id='line_1_29' title="bbox 1216 3713 3423 3828; baseline -0.002 -24"><span class='ocrx_word' id='word_1_250' title='bbox 1216 3723 1708 3828; x_wconf 82' lang='lat' dir='ltr'>Propofitionis</span> <span class='ocrx_word' id='word_1_251' title='bbox 1745 3725 1948 3822; x_wconf 86' lang='lat' dir='ltr'>hujus</span> <span class='ocrx_word' id='word_1_252' title='bbox 1980 3724 2225 3800; x_wconf 76' lang='lat' dir='ltr'>veritas</span> <span class='ocrx_word' id='word_1_253' title='bbox 2267 3722 2432 3794; x_wconf 86' lang='lat' dir='ltr'>adeo</span> <span class='ocrx_word' id='word_1_254' title='bbox 2470 3718 2818 3796; x_wconf 86' lang='lat' dir='ltr'>manifesta</span> <span class='ocrx_word' id='word_1_255' title='bbox 2849 3722 2981 3818; x_wconf 77' lang='lat' dir='ltr'>e&#39;st,</span> <span class='ocrx_word' id='word_1_256' title='bbox 3029 3753 3108 3803; x_wconf 87' lang='lat' dir='ltr'>ut</span> <span class='ocrx_word' id='word_1_257' title='bbox 3138 3731 3208 3801; x_wconf 88' lang='lat' dir='ltr'>in</span> <span class='ocrx_word' id='word_1_258' title='bbox 3250 3713 3423 3801; x_wconf 86' lang='lat' dir='ltr'>dubi-</span> 
     </span>
     <span class='ocr_line' id='line_1_30' title="bbox 1118 3821 3425 3931; baseline -0.003 -23"><span class='ocrx_word' id='word_1_259' title='bbox 1118 3859 1243 3908; x_wconf 89' lang='lat' dir='ltr'>um</span> <span class='ocrx_word' id='word_1_260' title='bbox 1274 3832 1577 3905; x_wconf 85' lang='lat' dir='ltr'>revocari</span> <span class='ocrx_word' id='word_1_261' title='bbox 1608 3852 1750 3900; x_wconf 88' lang='lat' dir='ltr'>non</span> <span class='ocrx_word' id='word_1_262' title='bbox 1787 3823 1999 3926; x_wconf 80' lang='lat' dir='ltr'>poffit.</span> <span class='ocrx_word' id='word_1_263' title='bbox 2101 3829 2174 3897; x_wconf 87' lang='lat' dir='ltr'>Si</span> <span class='ocrx_word' id='word_1_264' title='bbox 2197 3821 2489 3898; x_wconf 86' lang='lat' dir='ltr'>studioso</span> <span class='ocrx_word' id='word_1_265' title='bbox 2541 3848 2754 3920; x_wconf 81' lang='lat' dir='ltr'>egeno</span> <span class='ocrx_word' id='word_1_266' title='bbox 2800 3826 2918 3899; x_wconf 83' lang='lat' dir='ltr'>des</span> <span class='ocrx_word' id='word_1_267' title='bbox 2960 3827 3425 3931; x_wconf 70' lang='lat' dir='ltr'>quinquaginta</span> 
     </span>
     <span class='ocr_line' id='line_1_31' title="bbox 1124 3923 3425 4027; baseline -0.001 -19"><span class='ocrx_word' id='word_1_268' title='bbox 1124 3935 1441 4017; x_wconf 61' lang='lat' dir='ltr'>thala-oa,</span> <span class='ocrx_word' id='word_1_269' title='bbox 1475 3931 1639 4002; x_wconf 88' lang='lat' dir='ltr'>dum</span> <span class='ocrx_word' id='word_1_270' title='bbox 1692 3932 1757 3999; x_wconf 87' lang='lat' dir='ltr'>in</span> <span class='ocrx_word' id='word_1_271' title='bbox 1794 3928 2156 4001; x_wconf 80' lang='lat' dir='ltr'>Academia</span> <span class='ocrx_word' id='word_1_272' title='bbox 2181 3923 2410 4000; x_wconf 84' lang='lat' dir='ltr'>studiis</span> <span class='ocrx_word' id='word_1_273' title='bbox 2438 3952 2718 4027; x_wconf 82' lang='lat' dir='ltr'>operam</span> <span class='ocrx_word' id='word_1_274' title='bbox 2755 3954 2979 4020; x_wconf 79' lang='lat' dir='ltr'>navat3</span> <span class='ocrx_word' id='word_1_275' title='bbox 3027 3932 3425 4007; x_wconf 78' lang='lat' dir='ltr'>beneficium</span> 
     </span>
     <span class='ocr_line' id='line_1_32' title="bbox 1126 4025 3428 4131; baseline -0.004 -18"><span class='ocrx_word' id='word_1_276' title='bbox 1126 4038 1263 4114; x_wconf 86' lang='lat' dir='ltr'>hoc</span> <span class='ocrx_word' id='word_1_277' title='bbox 1307 4033 1531 4131; x_wconf 69' lang='lat' dir='ltr'>majus</span> <span class='ocrx_word' id='word_1_278' title='bbox 1581 4025 1994 4107; x_wconf 85' lang='lat' dir='ltr'>censendum</span> <span class='ocrx_word' id='word_1_279' title='bbox 2050 4057 2132 4108; x_wconf 82' lang='lat' dir='ltr'>ex</span> <span class='ocrx_word' id='word_1_280' title='bbox 2158 4053 2350 4130; x_wconf 76' lang='lat' dir='ltr'>parte</span> <span class='ocrx_word' id='word_1_281' title='bbox 2378 4030 2616 4129; x_wconf 79' lang='lat' dir='ltr'>ipsius,</span> <span class='ocrx_word' id='word_1_282' title='bbox 2664 4055 2867 4129; x_wconf 83' lang='lat' dir='ltr'>quam</span> <span class='ocrx_word' id='word_1_283' title='bbox 2914 4035 3152 4111; x_wconf 71' lang='lat' dir='ltr'>ubiad</span> <span class='ocrx_word' id='word_1_284' title='bbox 3192 4060 3428 4109; x_wconf 80' lang='lat' dir='ltr'>munus</span> 
     </span>
    </p>

    <p class='ocr_par' dir='ltr' id='par_1_11' title="bbox 2982 4135 3428 4237">
     <span class='ocr_line' id='line_1_33' title="bbox 2982 4135 3428 4237; baseline -0.004 -26"><span class='ocrx_word' id='word_1_285' title='bbox 2982 4167 2989 4172; x_wconf 91' lang='lat'>·</span> <span class='ocrx_word' id='word_1_286' title='bbox 3235 4135 3428 4237; x_wconf 87' lang='lat' dir='ltr'>quod·</span> 
     </span>
    </p>
   </div>
  </div>
 </body>
</html>
