3671 4906
464 295 588 386 De
617 294 1167 400 Liber-amate,
1207 290 1764 413 Mfiricwdia
1795 292 1911 396 ίῳ
1955 298 2246 389 Animo
2257 320 2529 418 grato.
2637 300 2761 399 62
2763 322 2821 423 3
2852 324 2855 327 ·

491 500 834 599 quoddam
869 522 1251 600 promotuS,
1294 495 1526 573 studiis
1552 497 1939 575 academicis
1971 497 2328 587 absolutis,
2360 505 2628 577 dederis
2656 531 2809 581 cen·

492 628 664 677 tum.
767 608 904 705 Qi
935 602 1041 675 dat
1063 629 1152 701 op
1210 626 1490 686 ortune,
1521 602 1676 701 plus
1718 600 1963 674 dedisse
1999 596 2339 677 censetur:
2391 606 2469 680 id'
2506 609 2692 706 quod
2730 614 2802 683 in

481 696 650 806 ipsis⁸
684 731 952 804 quoque
998 629 1533 805 praeis-titionibus
1592 694 2281 781 onerosis-observari
2334 702 2523 781 solet.
2628 715 2799 785 Sane

483 810 605 881 hac
635 813 839 882 etiam
870 809 953 880 de
985 800 1166 878 causa
1197 808 1531 898 contingit
1551 862 1568 893 ,
1603 827 1717 894 ut,
1749 798 1867 904 qui
1896 803 2302 881 beneficium
2338 796 2417 882 eit
2459 836 2794 910 opportu-

479 915 682 984 nitate
720 915 866 982 ⁴rite
922 905 1356 993 aestimabant,
1435 934 1592 979 cum
1653 912 2079 1008 acciperent,
2158 910 2452 1007 ideoque
2513 916 2791 987 maximi

465 1010 827 1098 faciebant,
875 1010 994 1083 ubi
1027 1007 1194 1083 istud
1222 1037 1363 1082 non
1391 1032 1521 1081 tam
1553 1010 1721 1083 utile
1750 1009 1873 1099 fibi
1894 1010 2163 1083 videtur
2177 1038 2309 1109 pro
2343 1038 2448 1098 ευ,
2481 1013 2559 1085 ad
2575 1038 2787 1113 quem

469 1110 992 1218 perveneruntj
1018 1140 1252 1185 rerum
1287 1107 1552 1185 suarum
1585 1108 1774 1197 statu,
1803 1114 1871 1186 id
1900 1114 2017 1185 vili
2035 1113 2348 1213 pendant,
2380 1137 2783 1213 gratumque

468 1223 777 1301 animum
821 1223 890 1291 in
923 1212 990 1288 se
1027 1214 1378 1288 desiderari
1424 1217 1777 1313 patiantur.
1881 1220 2182 1291 Maxime
2217 1218 2421 1309 igitur
2462 1241 2637 1313 opus
2670 1204 2781 1303 eff,

467 1346 548 1396 ut
577 1325 648 1394 in
678 1318 1139 1413 magnitudine
1161 1315 1469 1389 ’beneficii
1497 1313 1873 1389 aestimanda
1900 1320 2430 1418 opportunitatis
2465 1315 2785 1391 habeatur

468 1428 679 1511 ratio,
726 1420 915 1521 quod
947 1416 1216 1522 semper
1243 1442 1495 1491 tantum
1531 1443 1755 1493 manet
1778 1477 1795 1509 ,
1849 1442 2179 1517 quantum
2205 1443 2378 1510 erat,
2428 1446 2584 1493 cum
2611 1424 2778 1493 acci·
2890 1462 2893 1467 -

411 1604 426 1615 ,
458 1550 778 1630 peretur,
830 1528 916 1595 ita
946 1546 1025 1596 ut
1065 1547 1374 1622 tempora
1402 1518 1632 1605 futura
1657 1521 1899 1593 addere
1943 1521 2221 1620 quidem
2269 1520 2517 1622 poffin't
2566 1524 2781 1595 incre-

460 1652 688 1704 menta
719 1626 943 1727 quoad
977 1624 1491 1724 dependentiam
1540 1623 1877 1696 bonorum
1930 1622 2009 1694 ab
2061 1626 2226 1711 illo,
2282 1652 2419 1699 non
2465 1650 2631 1698 vero
2678 1625 2778 1696 illi

451 1735 820 1839 quicquam
886 1728 1257 1801 detrahere.
1412 1724 1878 1829 Quamobrem
1947 1724 2064 1799 etfi
2110 1731 2585 1827 opportunitas
2634 1727 2776 1821 jam

448 1830 1068 1943 comprehendatur
1099 1831 1172 1907 in
1206 1826 1460 1901 influxu
1497 1833 1568 1911 in
1612 1825 2112 1929 perfestionetn
2163 1828 2365 1903 status
2407 1823 2775 1928 praesentis,

447 1941 524 2009 in
556 1961 696 2034 qno
725 1932 1131 2008 beneficium
1154 1935 1516 2031 accipitur3
1565 1957 1703 2004 non
1739 1955 1966 2023 tamen
1998 1926 2566 2033 supervacaneum
2603 1952 2769 2019 erat,

445 2042 891 2112 attentionem
949 2037 1031 2108 ad
1081 2035 1365 2108 eandem
1420 2038 1490 2107 vi
1588 2029 1882 2107 raesentis
1933 2033 2409 2135 propositionis
2452 2035 2761 2118 excitare,

299 2220 306 2223 ,
442 2146 600 2241 quia
633 2139 809 2211 haud
837 2136 1309 2235 infrequenter
1336 2060 1660 2212 benefipcia
1686 2160 1823 2207 non
1858 2139 2020 2207 tanti
2064 2135 2472 2209 aestimantur
2521 2131 2762 2237 futuro

441 2268 794 2342 tempore,
859 2242 1091 2337 quanti
1157 2235 1597 2326 aestimantur,
1678 2235 1846 2311 dum
1914 2239 2367 2336 accipiuntur,
2417 2262 2559 2310 non
2619 2233 2754 2310 sine

435 2370 686 2443 magno
721 2342 1147 2440 gratitudinis
1176 2338 1590 2441 praejudicio.
2080 2368 2085 2373 ·

221 2751 226 2756 ,
503 2673 647 2773 ‘Qi
675 2680 933 2759 gratum
962 2655 1156 2736 babet
1186 2663 1465 2734 animum
1529 2661 1841 2757 occasione
1872 2655 2151 2748 beneficii
2179 2651 2477 2732 reddendi
2523 2653 2747 2730 oblata
2773 2669 2874 2741 De
2905 2663 3132 2740 latitia

219 2776 503 2856 letatur.
620 2777 786 2880 Qi
817 2781 1015 2854 enim
1035 2798 1334 2880 gratum
1365 2775 1695 2850 animum
1722 2773 1966 2871 habet,
2000 2774 2067 2847 ei
2087 2767 2426 2848 constans
2456 2794 2540 2844 ac
2575 2792 2738 2872 per-
2764 2779 2845 2856 oh
2874 2783 3151 2876 occafio-

217 2912 453 2996 petua
489 2892 836 2968 voluntas
879 2888 980 2969 est
1013 2891 1224 2972 omni
1271 2883 1513 2964 studio
1549 2885 1630 2964 id
1670 2885 1988 2992 agendi,
2037 2907 2123 2966 ut
2170 2880 2602 2963 benefastor
2649 2880 2737 2960 fit
2758 2919 2897 2970 nem
2927 2894 3208 2985 beneficii

209 3005 398 3085 felix
440 3004 535 3107 (§.
574 3031 612 3106 3
637 3031 697 3082 1.
719 3022 894 3108 part.
926 3032 990 3097 4.
1020 3010 1172 3112 Jur.
1197 3007 1406 3104 nat),
1465 2999 1798 3100 ideoque
1829 2999 2077 3077 eidem
2109 2998 2471 3103 gaudium
2503 2998 2734 3072 tribu·
2756 3003 3077 3085 reddendi.

208 3118 395 3200 endi
430 3118 525 3220 (§.
565 3127 746 3220 636.
787 3115 1328 3223 Psych.'emp1‘r.),
1383 3137 1507 3193 aut
1540 3119 2008 3221 voluptatem
2053 3109 2352 3187 creandi
2406 3107 2501 3206 (§.
2553 3115 2736 3207 638.

206 3231 436 3340 Psych.
466 3229 753 3338 empir.),
787 3233 1325 3331 consequenter
1353 3255 1526 3305 cum
1561 3228 1914 3305 beneficia
1945 3225 2414 3326 voluptatem
2445 3243 2729 3322 creent,

195 3356 454 3431 immo
503 3347 865 3453 gaudium
909 3347 1238 3424 tribuant
1288 3343 1679 3442 accipienti
1735 3336 1831 3438 (§.
1874 3363 1995 3437 33.
2020 3355 2195 3438 part.
2229 3363 2293 3428 4.
2330 3336 2482 3436 Jur.
2527 3336 2727 3438 nan),

199 3462 565 3543 beneficia
628 3458 996 3538 reddendi
1041 3454 1138 3553 (§.
1195 3477 1319 3550 32.
1359 3470 1535 3553 part.
1580 3478 1646 3543 4.
1685 3453 1838 3554 Jur.
1884 3451 2082 3554 nan).
2198 3449 2729 3551 Quamobrem

195 3572 672 3658 occasionem
704 3568 1058 3648 beneficii·
1078 3562 1445 3644 reddendi
1475 3566 1799 3645 oblatam
1829 3565 2182 3645 ambabus
2215 3564 2555 3672 manibus
2574 3591 2723 3643 am-

192 3688 558 3802 pleffltur
597 3683 692 3786 (ᾗ.
739 3692 976 3764 1062.
1000 3699 1174 3786 part.
1199 3708 1247 3755 1.
1277 3674 1482 3761 πηοί.
1518 3685 1688 3780 nat.)
1711 3740 1734 3781 ‚
1767 3705 2093 3779 cumque
2134 3687 2493 3759 virtutem
2523 3702 2721 3759 amet

198 3807 300 3910 (§.
343 3832 381 3906 3
401 3830 436 3901 5
460 3829 522 3880 1.
544 3818 718 3904 part.
740 3819 792 3881 ι’.
824 3795 985 3878 Phil.
1000 3791 1201 3901 praa.
1229 3797 1442 3897 univ.)
1461 3854 1486 3894 ,
1521 3793 1853 3895 ideoque
1884 3793 2422 3900 gratitudinem
2456 3790 2551 3895 (ὅ.
2586 3822 2718 3896 43.

180 3938 358 4027 part.
387 3946 453 4012 4.
478 3923 634 4028 Jur.
664 3932 797 3994 nat.
821 3909 913 4004 ὅ
927 3908 1013 4024 §.
1053 3936 1150 4015 32
1169 3934 1233 3990 1.
1255 3924 1437 4016 part.
1466 3936 1518 3990 1.
1560 3907 1728 3990 Pha.
1748 3910 1955 4017 praff.
1974 3911 2230 4015 unia),
2266 3913 2344 3992 ὅ(
2377 3933 2516 4014 per
2537 3934 2714 3988 con·

585 4067 630 4106 ·.
1421 4075 1427 4082 -
1561 4073 1566 4078 -
1659 4075 1670 4082 -
1781 4055 1786 4060 ’
2200 4083 2215 4090 -
2395 4023 2715 4126 sequens
