3671 4906
897 332 1074 489 614
1739 354 1963 449 Pa'rs
2029 350 2150 449 V.'
2184 336 2376 477 Ca'p'.
2439 353 2537 443 V.
2682 464 2685 469 ἢ

903 578 1377 683 voluptatem
1411 540 1690 672 creent,
1729 567 1972 646 immo
2003 563 2372 672 gaudium*
2394 563 2729 643 tribuant
2761 552 3159 670 'accipienti
3181 558 3284 668 (§.
3308 586 3442 670 33.

892 711 1070 798 part.
1120 719 1186 783 4.
1227 696 1380 798 ᾔιιν.
1425 688 1643 772 nat.);
1700 681 2057 762 beneficia
2104 684 2317 786 plura
2367 684 2447 758 in
2493 677 3051 759 beneficiarium
3109 684 3440 762 confert.

908 806 1076 910 Qi
1117 829 1307 910 ergo
1348 822 1604 907 gratus
1640 798 1741 876 est
1762 860 1784 898 ,
1820 795 2385 877 benefastorem
2420 792 2517 876 ad
2561 794 2918 875 beneficia
2954 799 3313 879 ulteriora
3351 801 3437 880 in

697 938 716 947 “·
783 974 788 981 -
877 919 984 1001 »se
1033 913 1583 998 conferendum
1639 936 2064 1019 permovet.

1171 1019 1630 1112 'Ostenditur
1664 1034 1891 1109 etiam
1926 1028 2077 1106 hoc
2109 1026 2370 1108 modo.
2426 1012 2795 1108 Beneficia
2834 1026 3019 1107 cum'
3051 1024 3194 1135 lint
3242 1036 3446 1135 prae-‘

901 1145 1250 1227 stationes
1288 1149 1636 1252 gratuitae
1671 1138 1775 1254 (§
1821 1170 1940 1240 19.
1963 1161 2138 1248 part.
2158 1171 2221 1235 4.
2245 1149 2399 1251 ᾔειν.
2437 1146 2633 1249 nan),
2677 1169 2849 1244 quae
2877 1167 3029 1224 tam
3058 1150 3136 1223 in
3155 1142 3438 1244 dando,

902 1289 1136 1364 quam
1172 1254 1251 1340 in
1299 1260 1649 1338 faciendo
1703 1257 2099 1341 confistunt
2145 1256 2243 1359 (§.
2290 1283 2411 1357 17.
2431 1276 2608 1363 part.
2636 1286 2703 1349 4.
2734 1260 2888 1362 ᾔειν.
2920 1261 3129 1364 nan),
3181 1283 3436 1358 quate·

901 1402 1047 1458 nus
1079 1381 1158 1455 in
1199 1373 1454 1454 dando
1498 1373 1896 1454 consistunt
1919 1434 1941 1476 ,
1983 1371 2079 1451 ad
2115 1374 2630 1452 liberalitatem
2677 1371 3009 1477 speRant
3042 1372 3142 1476 (§.
3192 1381 3296 1473 36
3308 1376 3434 1476 3.),

906 1514 1273 1593 quatenus
1322 1516 1512 1571 vero
1569 1487 1969 1571 conlistunt
2027 1492 2107 1566 in
2160 1486 2547 1591 faciendo,
2592 1485 2689 1567 ad
2749 1487 3291 1575 officiositatem
3334 1487 3433 1589 (§.

911 1621 1095 1706 898.
1118 1627 1289 1711 part.
1325 1635 1378 1689 ι.
1417 1609 1573 1711 ᾔειν.
1608 1610 1799 1712 uqa).
1915 1602 2306 1709 Qoniam
2336 1606 2591 1704 itaque
2621 1603 3057 1685 benet‘acere
3088 1607 3421 1684 aliisvir-

746 1720 753 1729 ”
899 1717 1214 1807 tutis,est
1247 1720 1344 1824 (§.
1387 1746 1570 1820 249.
1591 1741 1765 1828 part.
1799 1746 1869 1811 4.
1904 1717 1993 1808 89'
2028 1716 2091 1821 §.
2126 1733 2304 1815 898.
2330 1738 2502 1823 part.
2538 1747 2587 1796 1.
2633 1724 2788 1828 ᾔειν.
2833 1723 3046 1825 nan),
3098 1718 3428 1819 ideoque

902 1835 1565 1938 existimationem,
1601 1835 1977 1916 honorem
2008 1838 2084 1916 ὃ(
2115 1833 2413 1916 laudem
2448 1857 2817 1930 meretur,
2871 1841 3003 1934 qui
3054 1833 3429 1918 benefacit

899 1954 1062 2032 aliis
1099 1951 1196 2052 (§.
1240 1978 1438 2051 549„
1462 1977 1498 2049 5
1520 1978 1641 2049 50.
1669 1968 1841 2057 part.
1878 1977 1927 2025 ι.
1961 1956 2117 2058 ᾔειν.
2171 1952 2340 2055 nat.)
2371 2010 2395 2052 ,
2418 1973 2677 2057 gratus
2727 1975 2916 2028 vero
2947 1947 3307 2029 beneficia
3346 1954 3425 2027 in

901 2066 980 2145 se
1037 2068 1301 2147 collata
1341 2067 1689 2173 agnoscit
1739 2090 1825 2142 ac
1869 2068 2014 2144 rite
2062 2061 2369 2151 aestimat
2418 2063 2518 2166 (§.
2560 2066 2775 2169 430.)
2797 2125 2821 2168 ,
2881 2068 2958 2147 ἃ
3015 2069 3425 2174 gratiarum

898 2178 1196 2261 astione
1231 2182 1385 2260 hoc
1415 2179 1874 2264 benefaaori
1894 2179 2211 2259 declarat
2245 2180 2490 2282 (§.44.
2508 2177 2597 2267 85'
2596 2184 2732 2283 seq.
2746 2198 2922 2284 part.
2941 2207 3005 2274 4.
3032 2184 3187 2285 ᾔειν.
3209 2181 3415 2289 nat.)‚·

902 2295 961 2375 fi
993 2301 1162 2395 quis
1197 2319 1459 2403 gratus
1495 2295 1759 2398 fuerit,
1793 2294 1962 2375 astu
2006 2301 2387 2401 experitur
2416 2292 2848 2373 benefacit&
2870 2354 2894 2396 ‚
2940 2294 3131 2374 faeta
3182 2294 3301 2373 sua
3323 2294 3417 2372 ab

763 2426 766 2429 ’
901 2412 1062 2492 aliis
1099 2411 1548 2518 approbari,
1612 2411 2158 2518 consequenter
2194 2437 2367 2491 cum
2402 2410 2973 2515 approbationis
3024 2410 3249 2513 hujus
3302 2433 3411 2488 re·

903 2526 1486 2633 praesentatione
1518 2532 1941 2606 concitetur
1989 2525 2234 2633 gloria
2267 2526 2367 2629 (§.
2406 2534 2586 2627 366.
2612 2545 2786 2630 part.
2814 2553 2874 2610 2.
2911 2524 3131 2631 Em),
3176 2528 3413 2633 gloria

903 2667 1095 2721 vero
1121 2639 1442 2721 studium
1473 2643 1663 2721 bene
1694 2669 1779 2721 ac
1810 2638 2013 2720 reste
2040 2640 2363 2719 faciendi
2392 2666 2562 2719 acre
2593 2639 2857 2720 efficiat
2892 2637 2987 2742 (§.
3044 2666 3143 2743 37
3162 2669 3229 2719 1.
3242 2659 3407 2748 part.

892 2780 955 2833 2.
991 2753 1166 2859 Eth.)
1191 2816 1215 2858 ‚
1259 2756 1528 2835 affestu
1574 2759 1725 2836 hoc
1764 2758 2172 2863 impellitur
2197 2753 2627 2835 benefaecor
2657 2755 2750 2834 ad
2800 2758 3015 2861 plura
3059 2755 3398 2835 beneficia

893 2868 1394 2973 conferenda,
1474 2871 1894 2976 praesertim
1941 2872 2019 2948 in
2064 2897 2280 2974 eum,
2340 2895 2570 2970 quem
2642 2893 2945 2976 gratum
3007 2878 3398 2977 experitur.

841 3015 852 3028 =
892 2981 1426 3089 Qamobrem
1458 2988 1590 3084 qui
1609 3006 1869 3092 gratus
1901 2983 2025 3086 est,
2060 2985 2618 3067 benefastorem
2646 3009 3052 3092 permovet
3079 2986 3179 3068 ad
3200 2988 3399 3068 bene-

888 3095 1058 3181 ficia
1095 3101 1407 3180 ulterius
1436 3104 1515 3179 in
1550 3100 1626 3178 se
1648 3099 2141 3181 conferenda.
2184 3129 2185 3132 ‘
2248 3135 2251 3138 ¹
2320 3113 2323 3116 ’

1192 3233 1342 3340 Ipsa
1372 3241 1781 3340 experientia
1810 3234 2086 3325 constat,
2113 3233 2590 3334 gratitudinem
2616 3236 3024 3315 beneficiarii
3054 3240 3182 3316 effe
3213 3240 3401 3319 bene·

1081 3336 1323 3414 Pastori
1342 3343 1680 3415 motivum
1717 3344 2006 3415 ulterius
2030 3338 2510 3416 benefaciendi.
2610 3340 2774 3417 Ideo
2794 3344 3055 3417 dudum
3089 3351 3395 3441 agnitum,

1079 3445 1449 3540 gratiarum
1510 3439 1855 3534 astionem*
1889 3440 2016 3516 ess‘e
2063 3442 2145 3517 ad
2196 3444 2357 3545 plus
2387 3444 2683 3520 dandum
2727 3448 3222 3528 invitationem.
3312 3452 3391 3520 Et

1080 3546 1241 3644 quis
1268 3541 1363 3618 est
1395 3548 1514 3644 qui
1541 3543 1823 3634 nesciat,
1866 3545 2213 3621 beneficiis
2252 3546 2537 3640 dignum
2569 3546 2797 3621 haberi
2842 3575 3043 3636 eum,
3084 3555 3208 3650 qui
3248 3575 3396 3646 erga

1080 3643 1545 3722 benefaaores
1609 3672 1835 3742 gratus
1886 3645 2028 3721 est?
2126 3648 2467 3748 Equidem
2519 3676 2711 3726 amor
2739 3646 2983 3725 sufficit
3023 3652 3102 3724 ad
3146 3649 3397 3727 conser-

1079 3749 1380 3825 vandum
1408 3747 1868 3825 benefaciendi
1909 3753 2247 3839 animum3
2295 3753 2563 3851 quando
2612 3751 2835 3838 tamen
2876 3755 3085 3849 gloria
3129 3756 3395 3842 accedit,

1086 3875 1239 3949 quae
1275 3877 1433 3925 cum
1463 3878 1692 3926 amore
1729 3853 1812 3926 ad
1839 3853 2022 3925 idem
2056 3853 2312 3940 tendit,
2347 3856 2659 3928 voluntas
2693 3852 3152 3930 benefaciendi
3198 3855 3397 3942 effici·

1086 3975 1202 4025 tur
1269 3952 1696 4026 constantior.
1848 3951 2038 4027 Abfit
2073 3979 2341 4047 autem,
2390 3977 2468 4028 ut
2505 3953 2877 4048 existimes,
2921 3955 2971 4029 fi
3010 3957 3397 4034 benefastor

1055 4053 1304 4160 ‘gloria
1338 4078 1784 4160 permovetur
1818 4056 1902 4135 ad
1929 4055 2253 4138 beneficia
2286 4058 2494 4142 danda
2510 4116 2531 4156 ,
2565 4084 2728 4144 eum
2762 4056 2916 4143 fore
2937 4058 3397 4148 ambitiosum,

1725 4197 1730 4204 “
2054 4191 2065 4198 “
2106 4191 2117 4200 “
3241 4189 3399 4244 COR·
