3671 4906
910 405 1087 500 204
1648 404 1677 454 .·
1775 377 2012 466 Pars‘
2042 373 2138 465 V.
2199 376 2382 493 Cap:
2419 373 2536 465 ΙΙ.-
2803 419 2810 424 ·
2847 385 2908 424 ‘'-

784 599 799 612 ‘
920 596 1089 702 ‚ffuri
1110 579 1371 675 nat&
1402 584 1447 686 2'2
1463 608 1588 678 92.
1618 601 1784 689 part.
1803 610 1860 659 2.
1885 582 2085 687 ΒΨ).
2119 635 2122 636 f
2193 584 2585 688 'Qoniam
2626 584 2872 680 itaque
2908 604 3078 684 quae
3113 582 3472 684 alioruin

935 706 1104 786 sunt
1143 726 1410 809 parum
1453 723 1701 801 curat,
1762 702 2004 779 officia
2034 726 2211 806 erga
2238 704 2420 777 alios
2456 689 2777 804 negligit
2819 697 3169 774 charitate
3214 693 3428 776 destl·

932 843 1143 898 tutus
1174 817 1286 917 (§.
1312 822 1359 891 6
1371 839 1501 897 20.
1530 835 1702 919 ραν.
1734 841 1784 894 ι.
1818 823 1973 924 ᾔειν.
1993 818 2182 918 nat.).
2217 849 2230 860 .
2296 803 2820 917 Qamobrem
2855 836 3027 887 cum
3053 811 3455 917 neglestus

930 934 1361 1036 officiorum
1397 953 1573 1036 erga
1606 921 1789 1006 alios
1823 935 2162 1035 carentiae
2198 927 2566 1010 charitatis
2608 925 3046 1016 tribuendus
3082 927 3192 1027 fit,
3238 948 3445 1034 patet

937 1073 1022 1127 ut
1049 1055 1225 1127 ante'
1252 1070 1422 1123 eum
1464 1069 1619 1121 non
1658 1042 1797 1130 esse
1832 1045 2410 1123 inhumanitatis.
2493 1083 2498 1089 ·
2537 1039 2723 1152 Qod
2748 1058 2887 1118 erat
2926 1044 3278 1142 secundum.

1227 1187 1641 1264 Enimvero
1682 1187 2174 1264 inhumanitas
2228 1182 2553 1262 consistit
2584 1191 2688 1262 iss
2686 1184 3068 1262 aversione
3095 1189 3325 1284 animi
3357 1184 3451 1264 ab

945 1304 1210 1385 officiis
1246 1304 1723 1380 humanitatis
1777 1299 1883 1401 (§.
1919 1307 2097 1396 896.
2129 1319 2298 1403 part.
2336 1327 2379 1373 1.
2428 1307 2579 1407 Jur.
2622 1301 2847 1400 nau),
2907 1299 3233 1400 ideoque
3282 1325 3454 1410 moss·

942 1417 1161 1499 lestus
1218 1413 1525 1494 affectus
1567 1420 2020 1515 concitatur,
2082 1413 2136 1490 fi
2183 1412 2517 1492 officium
2560 1420 2881 1518 petitur,
2957 1418 3445 1495 velt-ationes

802 1627 807 1634 ‚
928 1531 1299 1635 ⁴quaedam
1344 1533 1825 1635 particulares
1878 1539 1954 1609 in
2020 1529 2185 1605 casu
2234 1553 2668 1634 emergente
2715 1527 3266 1631 praestationem
3329 1556 3450 1608 ur·

944 1670 1150 1757 gent.
1217 1709 1225 1718 .
1265 1645 1786 1750 Qamobrem
1819 1644 1875 1721 fi
1921 1648 2088 1744 quis
2119 1645 2565 1721 inhumanus
2612 1642 2838 1720 fuerit
2870 1644 2963 1720 ad
3015 1645 3452 1752 denegatio·

940 1790 1124 1844 nem
1155 1760 1380 1867 officii
1411 1758 1761 1838 accedere
1796 1759 2070 1837 debent
2096 1757 2337 1858 astus,
2371 1762 2502 1858 qui
2525 1762 2857 1836 animum
2891 1759 3046 1858 ejus
3083 1759 3450 1865 produnt,

872 1951 879 1962 .
938 1878 1305 1959 ‘nimirum
1333 1872 1789 1953 aversionem
1823 1878 1913 1954 ab
1952 1873 2214 1952 officiis
2247 1873 2722 1950 humanitatis
2747 1876 2823 1952 ἃ
2855 1871 3264 1953 molestiam
3299 1878 3453 1952 ani·

950 2000 1101 2094 mi,
1165 1988 1468 2089 quando
1501 1988 1832 2068 officium
1868 1994 2188 2094 petitur,
2242 2010 2368 2066 aut
2403 1983 2928 2096 praestandum.
3057 1989 3183 2084 Ad
3234 1990 3454 2068 inhu·
3509 2027 3520 2030 Α

898 2159 901 2164 ·
945 2111 1374 2188 manitatem
1410 2108 1659 2202 itaque
1699 2104 2077 2183 referendi
2110 2105 2275 2181 sunt
2310 2100 2516 2210 astus
2549 2105 2875 2199 externi,
2936 2106 3209 2200 quibus
3241 2111 3450 2182 aver-

945 2222 1053 2302 fio
1083 2224 1309 2298 animi
1349 2221 1440 2297 ab
1478 2217 1743 2297 officiis
1782 2222 2259 2297 humanitatis
2308 2242 2488 2321 erga
2543 2218 2725 2316 alios
2773 2220 2852 2296 ὃ(
2899 2215 3230 2297 molestia
3291 2218 3451 2319 ejus

896 2400 903 2405 .
944 2334 1434 2444 fignificatur,
1490 2331 1546 2411 fi
1579 2333 1911 2413 officium
1939 2338 2270 2441 petitur,
2309 2333 2429 2410 vel
2458 2328 2978 2436 praestandum.
3101 2333 3294 2426 Quod
3319 2351 3457 2414 erat

946 2460 1226 2531 tertium.
1706 2479 1715 2483 ·
2365 2488 2372 2497 -
2807 2464 2820 2474 “

1298 2577 1702 2654 Notandum
1746 2582 1861 2672 hic
1909 2580 2037 2668 est,
2087 2606 2248 2655 cum
2295 2576 2600 2655 officium
2634 2579 3071 2657 humanitatis
3112 2583 3451 2671 ressede·

1076 2757 1081 2761 ,
1144 2706 1473 2779 negetur,
1529 2679 1577 2753 fi
1604 2685 1672 2756 in
1701 2681 2020 2782 potestate
2066 2682 2285 2758 nostra
2330 2709 2470 2757 non
2511 2681 2587 2755 sit
2627 2680 2694 2756 id
2722 2682 3026 2785 praestare
3067 2689 3300 2780 alteri,
3343 2713 3455 2777 aut

1146 2787 1311 2881 alter
1348 2783 1625 2877 eodem,
1676 2786 1795 2865 vel‘
1818 2812 1953 2887 ope
1982 2785 2203 2859 nostra
2244 2813 2379 2859 non
2413 2785 2705 2880 indigeat
2738 2792 2835 2879 (§.
2870 2811 3041 2865 222.
3063 2816 3231 2890 232.
3273 2815 3451 2895 part.

1150 2916 1193 2963 ι.
1241 2889 1408 2960 Phil.
1483 2885 1646 2975 ναᾷ.
1679 2894 1937 2982 univ.),
1991 2915 2070 2962 ex
2099 2883 2377 2961 adverso
2412 2910 2635 2959 autem
2675 2894 2902 2962 minus
2930 2888 3154 2984 reste,
3201 2891 3249 2968 fi
3288 2922 3453 2995 prae·

1030 2986 1037 2991 ’
1149 2987 1341 3063 statio
1423 2991 1598 3061 uerit
1631 2994 1702 3063 in
1756 2987 2083 3093 potestate
2134 2992 2199 3063 ἃ
2243 2992 2413 3062 alter
2459 3016 2592 3090 ope
2645 3013 2757 3062 tua
2799 2993 3092 3088 indigeat
3143 2998 3249 3096 (§.
3285 3005 3455 3075 612.

1151 3112 1332 3195 part.
1365 3118 1406 3164 1.
1449 3094 1617 3188 Jur.
1665 3098 1895 3185 nat.)·‚
1947 3089 2353 3194 inpraesenti
2401 3119 2543 3163 non
2569 3095 2857 3188 intelligi
2906 3094 3032 3169 nifi
3072 3099 3458 3195 denegatio·

1148 3221 1308 3268 nem
1344 3190 1735 3268 officiorum
1771 3222 1924 3292 erga
1960 3197 2127 3269 alios
2156 3195 2482 3267 illicitam.
2585 3199 2672 3267 Et
2704 3193 2842 3296 ipsa
2872 3200 3301 3296 negligentia.²
3338 3231 3461 3278 no·

1153 3302 1254 3370 tio
1280 3296 1566 3371 infinuat
1581 3355 1602 3395 ,
1634 3297 2026 3394 neglestum
2056 3295 2437 3370 officiorum
2465 3323 2617 3391 erga
2650 3301 2818 3373 alios
2849 3304 3316 3403 accipiendum
3333 3304 3462 3384 effe

1154 3398 1244 3489 ‚de
1277 3395 1559 3488 officiiS,
1610 3427 1908 3498 quorum
1938 3400 2265 3501 praestatio
2299 3403 2369 3471 in
2400 3398 2723 3498 potestate
2763 3402 3000 3477 nostra·
3027 3404 3120 3479 est
3155 3406 3223 3480 dt
3258 3435 3456 3508 quan·

1150 3503 1239 3591 do
1264 3503 1430 3574 alter
1460 3527 1595 3601 ope
1630 3501 1851 3576 nostra
1889 3500 2146 3597 indiget
2176 3507 2271 3594 (§.
2304 3524 2474 3603 750.
2503 3525 2702 3606 part:
2716 3532 2755 3578 1.
2786 3507 2955 3579 Phil.
2980 3510 3190 3608 praH.
3210 3522 3385 3585 univ.
3401 3514 3447 3602 ).

1150 3610 1378 3677 Immo
1421 3631 1576 3678 cum
1623 3631 1703 3678 ex
1749 3600 2061 3685 substrata
2091 3610 2383 3677 -materia
2427 3606 2880 3699 intelligatur,
2936 3610 3459 3706 denegationem

1149 3703 1531 3779 officiorum
1570 3733 1726 3802 erga
1769 3708 1939 3780 alios
1972 3708 2488 3806 eorundemque
2531 3706 2912 3806 neglestum
2945 3712 3024 3784 ad
3055 3718 3215 3787 vitia
3244 3715 3466 3791 refer·

1143 3812 1203 3884 ri
1224 3867 1240 3898 ,
1286 3808 1466 3881 idem
1505 3808 1643 3905 jam
1678 3810 1832 3884 inde
1862 3834 2063 3911 patet.
2164 3811 2404 3883 Illicita
2430 3808 2821 3886 officiorum
2856 3814 3205 3911 denegatio
3238 3820 3307 3894 ὅ(
3344 3845 3459 3894 ne-

1146 3908 1408 4008 glestus
1444 3908 1712 4010 semper
1744 3917 1969 4007 arguit
2000 3917 2362 3987 carentiam
2408 3913 2746 3986 charitatis
2783 3939 2984 4016 atque
3015 3926 3271 3998 amoris
3309 3928 3462 3997 uni·

1138 4009 1445 4102 versalis3
1497 4037 1642 4091 non
1682 4038 1912 4093 tamen
1937 4038 2308 4119 propterea
2353 4016 2955 4094 inhumanitatem:
3017 4045 3244 4123 neque
3272 4031 3463 4101 enim

3280 4153 3463 4232 Opus
