3671 4906
758 365 888 457 De
915 297 1210 456 Amore
1231 364 1345 469 &⁰
1362 364 1809 460 'Dilec‘liom
1822 367 2206 468 aliorum.
2307 372 2320 378 “
2549 393 2621 470 -1
2635 389 2749 496 57

350 631 371 648 .
416 574 508 647 im
612 569 800 646 tabili
831 629 851 663 ,
898 571 1113 658 nobis
1141 587 1308 646 vero
1353 571 1500 648 ullo
1535 572 1742 648 modo
1782 575 2279 674 praejudicante.
2341 576 2659 651 *Etenim
2687 572 2735 648 fi
2857 599 2866 604 ·
2961 582 2966 587 ’

727 672 1007 762 adesset,
1059 702 1200 774 quo
1248 672 1792 765 offenderemur,
1842 677 1911 750 id
1949 682 2266 774 ignorare
2298 702 2436 751 non
2472 701 2736 778 potera·
2817 769 2826 774 ,

412 804 590 855 mus,
699 781 842 880 Qi
890 776 1116 852 dicere
1150 780 1428 877 nequit,
1483 803 1688 876 quare
1733 779 2016 853 alterum
2061 781 2314 870 oderit,
2362 780 2473 876 vel
2511 805 2732 854 amare

410 910 553 958 non
580 879 820 982 possit,
869 885 1105 980 utique
1138 882 1578 980 aequiparatur
1613 883 1714 970 ei,
1764 884 1887 981 qui
1919 881 2163 982 absque
2200 884 2646 974 ullaratione,
2682 879 2731 956 fi

409 986 553 1060 fieri
659 981 864 1084 osset,
915 983 1204 1060 alterum
1239 985 1423 1072 odit,
1470 984 1579 1055 vel
1632 1010 1853 1058 amare
1902 990 2156 1084 nequit.
2259 990 2332 1060 Si
2374 1009 2542 1059 vero
2585 1011 2729 1058 non

404 1012 726 1184 agnoseit,
768 1088 1041 1165 homini
1076 1090 1322 1170 rationi
1355 1085 1642 1186 praedito
1675 1113 1918 1188 parum
1955 1092 2339 1177 convenire,
2371 1113 2449 1161 ut
2478 1085 2727 1186 absque

405 1194 540 1266 ulla
582 1194 847 1263 ratione
883 1191 1170 1262 alterum
1216 1189 1441 1279 oderit
1471 1246 1492 1275 ,
1547 1190 1659 1263 vel
1696 1217 1919 1263 amare
1956 1217 2098 1272 non
2132 1189 2362 1290 poffit,
2412 1216 2536 1264 nec
2572 1191 2724 1262 ideo

405 1295 641 1371 odium
669 1293 1019 1391 depellere
1038 1351 1056 1382 ,
1089 1288 1357 1366 nascens
1389 1296 1658 1366 veroin
1691 1286 1838 1392 ipso
1862 1314 2017 1365 ortu
2046 1289 2371 1366 suffocare
2401 1316 2684 1366 conetur
2701 1317 2724 1382 3

401 1421 715 1474 naturam
750 1397 1045 1468 hominis
1072 1392 1552 1472 irresistibilem
1581 1392 1781 1485 facit,
1833 1395 1901 1470 &
1952 1395 2311 1469 hominem
2355 1396 2426 1467 in
2469 1396 2717 1466 machi-

376 1527 563 1575 ,ιιιηι
604 1502 946 1582 convertit
980 1502 1289 1572 incautus
1319 1493 1624 1573 incidens
1663 1502 1737 1572 in
1778 1493 2299 1572 absurdiffimam
2345 1496 2717 1571 Materiali·
2779 1550 2792 1560 .

402 1601 655 1676 starum
689 1598 1118 1701 hypothesin.
1214 1609 1376 1675 Hoc
1409 1593 1728 1675 errore‘fi
1760 1606 1914 1700 quis
1949 1598 2252 1675 imbutus
2292 1596 2542 1686 fuerit,
2576 1593 2716 1671 sur·
2757 1669 2796 1684 ,,

308 1767 313 1774 .
394 1705 483 1780 do
517 1704 814 1778 narrabis
849 1701 1183 1794 fabulam,
1240 1730 1657 1803 quaecunque
1701 1727 1929 1779 contra
1964 1704 2199 1776 odium
2221 1704 2398 1793 ,'vel
2433 1698 2715 1802 averfio·

393 1835 559 1885 nem
594 1811 846 1883 amoris
876 1804 1133 1906 absque*
1157 1809 1291 1880 ulla
1331 1811 1592 1881 ratione
1628 1804 1978 1881 manifesta
2028 1811 2099 1879 in
2140 1806 2445 1880 medium
2476 1828 2714 1905 protu-

388 1914 574 1988 leris.
677 1909 1129 1987 Eradicandus
1173 1937 1367 1987 error
1397 1907 1493 1987 est
1513 1970 1532 2004 ,
1577 1933 1940 2015 antequam
1980 1913 2042 1987 ei
2075 1903 2328 1990 saniora
2357 1903 2712 2013 persuade·

388 2041 465 2093 re
513 2011 745 2119 postis-

1262 2153 1328 2258 ᾗ.
1434 2181 1487 2242 Ηι
1513 2183 1542 2236 1
1566 2170 1635 2248 8.
1710 2197 1717 2204 ·
3053 2231 3059 2240 .

405 2297 690 2382 Dilefflo
721 2299 997 2379 aliorum
1016 2317 1281 2407 propter
1298 2311 1507 2379 Deum
1539 2302 1710 2400 odi0,
1739 2301 1853 2379 vel
1887 2305 2200 2406 aversioni
2225 2305 2463 2378 amoris
2494 2301 2575 2377 ob
2605 2289 2708 2377 In·
2741 2298 2932 2413 Qud
2957 2298 3117 2379 dite-
3165 2369 3180 2376 μ

219 2432 384 2496 tentes
410 2425 701 2497 rationes
730 2416 970 2496 nullum
999 2416 1282 2495 concedit
1313 2416 1540 2495 locum.
1658 2416 1822 2524 Qi
1856 2421 2054 2497 enim
2093 2417 2278 2495 alios
2310 2439 2503 2496 amat
2523 2443 2698 2522 pro·
2732 2414 2853 2494 Hio
2883 2433 3147 2522 propter

221 2556 359 2637 pter
390 2533 670 2636 Deum,
703 2530 893 2613 fasta
934 2531 1245 2634 quidem
1279 2532 1467 2613 odio
1491 2534 1738 2634 habet,
1776 2533 2174 2639 personam
2221 2556 2466 2610 tamen
2503 2554 2699 2612 amat
2726 2542 2938 2610 Deum
2985 2557 3112 2609 non

226 2652 288 2728 ὃ(
316 2648 544 2757 diligit
585 2649 699 2752 (§.
725 2662 852 2737 82·
874 2651 929 2752 ),
953 2648 1494 2748 consequenter
1524 2648 1760 2729 'odiss‘e
1787 2652 2050 2748 nequit
2088 2647 2198 2749 (§.
2222 2654 2406 2747 623.
2442 2665 2620 2751 part.
2641 2675 2693 2729 1.
2704 2651 2895 2747 serat
2932 2644 3171 2743 odium,

236 2768 495 2867 annet.
516 2768 569 2867 ).
686 2763 986 2870 Qodfi
1018 2764 1280 2845 odium
1309 2770 1731 2847 concitetur
1770 2766 1872 2843 ob
1904 2768 2279 2847 rationem
2315 2764 2693 2864 latentem,
2723 2761 2836 2841 vel
2878 2765 3167 2868 aversio-

244 2878 342 2954 νεὶ
357 2879 610 2959 aven-fio
645 2889 955 2982 amoris,
983 2885 1285 2987 ignorat
1311 2905 1564 2960 utrum
1585 2878 1771 2981 quid
1791 2886 1868 2957 in
1887 2880 2206 2985 persona
2242 2879 2410 2980 jure
2447 2877 2694 2984 displi-
2720 2903 2858 2956 nem
2897 2883 3139 2955 amoris

232 3015 513 3096 camec
542 3021 670 3098 ne,
694 2998 1237 3096 consequenter
1270 3024 1362 3076 an
1397 2995 1476 3075 id
1498 2996 1682 3074 odio
1717 2996 2150 3074 habendum
2170 2992 2276 3073 fit.
2314 2994 2690 3097 Qamvis
2717 2993 2796 3071 ob
2829 2998 3143 3070 rationem

216 3132 365 3189 vero
409 3112 693 3211 sumat,
755 3110 834 3190 id
878 3113 1020 3190 tale
1063 3112 1204 3190 effe
1234 3171 1253 3208 ,
1312 3136 1395 3191 ut
1425 3111 1614 3190 odio
1645 3110 1848 3193 reste
1878 3113 2236 3191 habeatur
2257 3170 2280 3210 ‚
2313 3113 2436 3189 vel
2464 3112 2693 3190 amari
2715 3108 3034 3187 latentem.

203 3248 333 3302 non
362 3225 627 3332 ponit,
659 3228 813 3305 hoc
845 3250 1088 3306 tamen
1121 3252 1277 3305 non
1316 3224 1649 3306 obstante
1684 3226 1950 3329 odium
1970 3287 1991 3327 ‚
2021 3229 2142 3306 vel
2176 3230 2454 3304 amoris
2488 3249 2692 3304 aver·
2813 3282 2816 3287 »

198 3336 457 3421 fionent
501 3349 582 3423 in
626 3342 863 3446 ipsam
905 3344 1299 3448 personam
1346 3368 1507 3420 non
1547 3342 1916 3422 extendin'
1991 3342 2547 3447 .Qamobrem
2581 3338 2707 3427 dis

192 3454 392 3534 lenio
418 3462 749 3537 aliorum
776 3476 1110 3563 ‘propter
1148 3458 1398 3537 Deum
1434 3457 1660 3559 odic,
1721 3459 1844 3536 vel
1873 3456 2240 3539 aversioni
2275 3459 2556 3539 amoris
2590 3454 2693 3536 ob

188 3570 487 3650 latentes
512 3576 838 3653 rationes
872 3576 1162 3652 nullum
1211 3573 1558 3654 concedit
1586 3577 1867 3653 locum.

524 3737 739 3812 Aliud
777 3745 1053 3815 omnino
1103 3736 1199 3813 est
1241 3737 1487 3830 odisse,
1537 3740 1649 3814 vel
1680 3763 1904 3812 amare
1931 3762 2069 3811 non
2101 3732 2282 3838 pofl'e
2313 3733 2692 3838 quidpiam,

409 3841 569 3920 uod
596 3837 897 3942 personae
926 3847 1204 3918 inhaeret
1226 3901 1244 3934 ‚
1292 3844 1471 3931 aliud
1504 3869 1669 3916 vero
1702 3839 1909 3914 odiss'e
1931 3900 1947 3931 ,
1983 3841 2090 3914 vel
2126 3866 2348 3915 amare
2376 3865 2516 3912 non
2535 3833 2691 3938 po's-

308 3944 321 3951 ’
389 3978 426 4026 e
470 3941 861 4049 personam.
964 3949 1161 4020 Prius
1207 3944 1556 4021 dileffloni
1602 3972 1744 4023 non
1800 3941 2052 4035 officit,
2118 3939 2230 4017 scd
2262 3946 2687 4018 voluntatem

354 4051 778 4131 inserviendi
798 4051 1003 4135 ⁸alteri
1034 4044 1325 4155 prorsus·
1358 4046 1675 4126 intastam
1706 4050 2036 4152 relinquit
2069 4073 2087 4142 3
2165 4045 2498 4226 postet-3:1¹3
2527 4046 2694 4152 dileg

1484 4157 1553 4227 U
1611 4176 1651 4256 3
2456 4153 2689 4225 ’onem
2733 4198 2750 4205 „
2809 4174 2834 4181 “
