3671 4906
728 401 853 497 De
880 400 1174 496 Amori
1202 403 1317 510 ὼ·
1348 401 1787 496 Dikaion?
1807 403 2171 496 aliorum.
2235 327 2238 330 *
2291 369 2314 376 ξ
2531 421 2706 526 '205

388 628 554 705 opus
609 602 743 696 est,
788 629 902 693 ut,
951 608 1068 706 qui
1115 602 1857 708 destituitursscharitate
1909 636 1981 684 ac
2025 619 2258 686 amore
2313 605 2695 699 universali,

377 710 556 783 idem
588 712 791 782 etiam
824 711 1237 782 inhumanus
1277 709 1378 784 fit.
1476 709 1959 814 Qui'charitate
1991 713 2406 806 destituitur,
2452 717 2511 787 ei
2546 741 2690 792 nou

377 808 465 885 est
489 814 805 884 voluntas
833 808 1226 886 felicitatem
1257 813 1535 885 alterius
1574 815 2030 910 promovendi
2090 807 2187 910 (ξ.
2213 823 2382 911 617.
2422 836 2605 918 part,
2639 844 2683 892 1.

376 917 538 1012 Jur.
578 920 754 1008 nat.)
783 914 850 985 δι
880 912 970 986 ob
999 910 1347 987 defestum
1387 918 1635 987 amoris
1666 939 1803 988 non
1840 914 2207 991 deleamur
2239 915 2563 992 felicitate
2596 918 2687 992 al·

372 1020 582 1091 terius
614 1022 718 1109 (§.
750 1024 843 1114 63
856 1042 923 1114 3.
959 1017 1190 1115 Psych.
1220 1022 1532 1117 empir.):
1580 1012 1672 1088 ast
1710 1020 1828 1116 qui
1861 1043 2001 1091 non
2029 1019 2228 1094 habet
2257 1021 2679 1095 voluntatem

366 1121 637 1198 alterius
671 1115 1063 1192 felicitatem
1094 1119 1585 1220 promovendi,
1638 1121 1698 1189 is
1732 1145 2100 1220 propterea
2131 1124 2438 1198 nondum
2479 1121 2683 1198 habet

363 1224 792 1296 uoluntatem
824 1222 1104 1294 eandem
1139 1220 1593 1320 promovendi
1628 1227 1731 1311 (§.
1754 1234 1923 1319 884.
1967 1222 2372 1323 885.P[ych.
2399 1229 2682 1327 nupia),

362 1351 485 1399 nec
532 1329 655 1422 qui
694 1326 982 1398 aliorum
1027 1321 1346 1397 felicitate
1391 1348 1532 1396 non
1582 1320 1954 1397 delestatur
1982 1383 2001 1414 ,
2059 1330 2117 1398 is
2158 1353 2238 1398 ex
2285 1323 2677 1403 officiorum

362 1424 784 1529 praestatione
812 1484 830 1516 ‚
883 1425 1133 1525 quibus
1174 1452 1249 1499 ca
1279 1450 1795 1525 promovetur,-
1830 1424 2203 1516 molestiam
2247 1433 2542 1529 percipit
2574 1435 2702 1521 (§.-

367 1555 535 1627 535.
571 1526 799 1627 Psjsch.
839 1538 1138 1628 empir.).
1237 1529 1395 1602 Sola
1440 1531 1654 1623 igitur
1702 1529 2040 1613 charitatis
2086 1535 2422 1631 privatio,
2474 1558 2511 1604 a
2544 1556 2675 1629 qua

358 1628 815 1733 proficiscitur
860 1627 1250 1705 officiorum
1300 1632 1655 1726 denegatio
1681 1687 1705 1722 ,
1752 1632 1863 1706 vel
1910 1629 2258 1727 neglestus
2289 1692 2308 1722 ,
2358 1633 2440 1706 ad
2473 1634 2674 1708 inhu-

358 1738 751 1808 manitatem
796 1760 939 1806 non
980 1728 1270 1820 sufficit,
1342 1729 1454 1806 sed
1526 1731 1579 1805 fi
1626 1759 1699 1822 ea
1757 1735 2076 1809 accedere
2125 1735 2361 1827 debet,
2412 1730 2672 1810 causam

358 1838 693 1935 quandam
784 1835 1088 1910 ofitivam
1117 1839 1428 1935 requirit.
1528 1837 1993 1909 Inhumanitas
2035 1841 2257 1938 itaque
2298 1840 2675 1940 peculiares

349 1942 644 2038 requirit
677 1863 897 2029 agas,
949 1943 1068 2039 qui
1113 1940 1195 2010 ad
1229 1939 1745 2032 denegationem
1768 1931 1994 2014 -bffieii
2041 1939 2356 2015 accedere
2400 1940 2688 2030 debentf

356 2066 482 2115 nec
526 2067 688 2141 cum
735 2068 814 2114 ea
856 2039 1217 2114 necessario
1255 2043 1690 2141 copulantur.
1808 2045 2109 2146 Qinam
2155 2047 2371 2139 igitur
2415 2043 2542 2118 sint
2595 2044 2669 2116 hi

348 2140 541 2218 astus
603 2167 686 2217 ex
716 2141 1115 2234 definitione
1172 2145 1682 2217 inhumanitatis
1728 2142 2223 2230 deducendum.
2321 2143 2670 2236 Astus-ni-

344 2251 613 2321 mirum
666 2250 914 2320 interni
957 2274 1084 2347 per
1120 2242 1333 2347 ipsam
1377 2244 1843 2320 definitionem
1871 2271 2167 2347 patent,
2216 2248 2300 2320 ἀ
2337 2250 2666 2348 quoniam

349 2352 617 2423 externi
649 2375 806 2422 cum
853 2353 1139 2422 internis
1166 2347 1548 2423 consentire
1582 2348 1868 2435 debent,
1919 2350 2150 2448 quales
2177 2350 2251 2421 hi
2286 2349 2412 2422 fint
2440 2374 2524 2423 ex
2552 2350 2666 2422 de-

342 2450 663 2531 finitione
702 2452 1195 2528 deducendum.
1317 2456 1719 2553 Opponitur
1758 2452 2210 2529 inhumanitas
2260 2451 2667 2549 humanitati

341 2580 665 2657 tanquam
695 2557 940 2629 vitium
973 2560 1236 2630 virtuti.
1333 2554 1933 2656 Quemadmodum
1966 2557 2190 2651 itaque
2221 2552 2407 2627 astus
2446 2541 2670 2626 exter—s

340 2663 418 2733 ni
449 2659 529 2731 ad
572 2661 1057 2732 humanitatem
1099 2655 1439 2733 referendi
1490 2651 1642 2729 sunt
1687 2653 1906 2747 astus,
1955 2656 2201 2755 quibus
2231 2656 2424 2729 alteri
2458 2652 2664 2730 inser-
2711 2722 2716 2729 .

340 2762 576 2835 viendi
622 2764 928 2862 pronitas
972 2760 1039 2834 ὅτ
1068 2759 1548 2861 promptitudo
1601 2754 1716 2833 seu
1768 2755 2053 2832 facilitas
2109 2757 2516 2852 significatur
2557 2752 2657 2851 '(§.

351 2869 600 2961 146.);
646 2868 736 2938 ita
764 2890 844 2937 ex
871 2858 1148 2936 adverso
1187 2864 1269 2936 ad
1296 2864 1859 2936 inhumanitatem
1891 2858 2234 2934 referendi
2276 2856 2426 2934 sunt
2468 2858 2655 2934 astus

341 2971 602 3041 externi
625 3023 648 3057 ,
684 2965 949 3065 §quibus
971 2963 1222 3039 averfio
1253 2970 1461 3038 animi
1491 2962 1571 3036 ab
1600 2959 1844 3037 officiis
1874 2990 2030 3057 erga
2058 2965 2224 3038 alios
2252 2963 2319 3037 ἃ
2346 2962 2658 3049 molestia
2747 2960 2754 2966 ’

339 3072 589 3158 animi,
631 3068 906 3167 quando
951 3065 1258 3141 officium
1312 3071 1629 3169 petitur²>
1664 3090 1781 3139 aut
1820 3064 2316 3167 prssaestationem
2367 3068 2664 3138 rationes

384 3172 648 3245 uaedam
693 3172 1126 3272 particulares
1165 3162 1450 3266 urgent,
1503 3169 1847 3270 proditur.
1975 3169 2181 3242 Nihil
2218 3172 2291 3242 in
2331 3169 2518 3241 hisce
2560 3166 2662 3240 di-

339 3198 732 3349 ?cernendis
765 3269 973 3371 foret*
996 3265 1443 3359 difficultatis,
1492 3270 1616 3344 nifi
1663 3293 1796 3345 tam
1842 3273 2053 3345 multa
2098 3268 2361 3361 forent,
2412 3293 2559 3368 quae
2589 3271 2663 3343 in
2717 3272 2718 3275 ’

349 3376 995 3450 determinationem
1024 3381 1364 3478 appetitus
1388 3375 1455 3447 ὅ(
1478 3369 1909 3448 aversationis
1938 3397 2077 3447 tam
2104 3369 2439 3463 senfitivae,
2457 3397 2664 3472 quam

340 3480 689 3552 rationalis
726 3473 1094 3552 influerent
1117 3537 1135 3567 ,
1189 3504 1338 3579 quoe
1388 3503 1546 3550 cum
1580 3503 1713 3578 pro
1771 3476 2148 3550 diversitate
2199 3470 2663 3573 subjessorum

346 3601 694 3679 tantopere
729 3584 1020 3671 varient,
1074 3578 1316 3655 statum
1359 3583 1558 3653 animi
1619 3579 1908 3653 mirifice
1955 3580 2274 3663 alterant,
2325 3594 2403 3650 ut
2444 3577 2662 3651 multa

345 3686 652 3756 cautione
683 3707 862 3783 opus
886 3681 999 3776 fit,
1048 3710 1135 3757 ne
1169 3687 1239 3756 in
1268 3678 1717 3757 discernendis
1746 3686 1829 3753 iis
1847 3740 1867 3771 ,
1921 3707 2071 3781 quae
2096 3683 2433 3753 virtutum
2462 3679 2528 3752 ἃ
2555 3683 2651 3752 vi·

344 3788 608 3859 tiorum
648 3780 1393 3886 sung-'eorundemque
1422 3784 1627 3858 causis
1658 3778 1977 3884 cespite3‚
2023 3777 2397 3883 praesertim
2430 3781 2479 3855 fi
2508 3806 2652 3856 non

334 3881 711 3961 sufficiente
739 3881 1005 3962 scientia
1051 3885 1267 3963 fueris
1312 3883 1714 3977 instrui-llus,
1763 3885 1877 3960 vel
1931 3888 2238 3959 acumine
2279 3879 2653 3960 sufficiente

277 4058 281 4065 .
332 3993 565 4063 utaris.
668 3988 988 4082 Accedit,
1036 3991 1218 4091 quod
1263 3989 1583 4066 vocabula
1628 3992 1967 4063 invenerit
1998 3989 2242 4083 vulgus
2273 3993 2348 4063 in
2381 3985 2654 4063 diversis

333 4090 718 4172 dividendis
739 4117 882 4170 non
912 4088 1067 4201 fitis
1096 4117 1370 4172 acutum
1391 4152 1411 4187 ,
1460 4115 1703 4273 ἔφυτε
1730 4118 1879 4208 non
1905 4093 2081 4170 ultra
2110 4086 2337 4170 sensus
2367 4087 2646 4270 iapi‘edns.

1535 4219 1571 4269 c
1618 4219 1659 4296 3
2568 4216 2651 4269 eo
