3671 4906
705 322 837 456 De
870 322 1167 429 Amore
1209 319 1325 429 &-
1338 267 1794 426 Dilectione
1837 325 2195 424 aliorum.
2541 352 2713 459 159

214 527 378 640 eine,
447 557 679 636 quem
715 534 1060 637 odimus,
1122 531 1552 616 felicitatem
1586 542 2145 645 promovendi,
2179 564 2499 636 attamen
2528 544 2698 626 haec

205 660 461 755 absque
487 654 612 730 illa
638 647 1013 729 subsistere
1043 647 1292 755 potest
1311 711 1332 752 ‚
1391 675 1475 760 ut
1505 652 1681 733 ideo
1712 661 2061 760 peculiari
2097 663 2407 738 nomine
2439 657 2687 759 distin·

196 776 309 881 gvi
336 788 784 880 mereretur.
855 765 1417 846 Indifferentem
1441 770 1520 849 in
1558 770 1753 850 alios·
1775 777 2108 852 animum
2144 772 2510 874 diximus,
2546 781 2682 875 qui

191 893 252 971 ἀ
295 910 606 992 amore,
659 881 737 962 ἂ
791 876 976 961 odio
1007 877 1293 961 vacuus
1340 882 1442 961 est
1489 881 1604 985 (§.
1643 893 1827 982 629.
1854 906 2030 991 part.
2054 917 2104 971 ι.
2132 879 2542 997 Jur.nat.)‘,
2599 893 2683 972 δε

187 1030 259 1083 ex
280 1005 425 1084 hac
456 995 962 1077 indifferentia
988 995 1307 1078 nascitur
1341 1021 1502 1078 tum
1537 1008 1856 1102 carentia
1893 1003 2308 1107 ‘charitati8‚
2346 1027 2509 1082 tum
2564 1030 2706 1085 can
2749 1099 2752 1102 Ι

184 1123 399 1198 tentia
430 1114 601 1214 odii
621 1173 646 1214 ,
704 1139 785 1192 ut
818 1138 1067 1212 neque
1101 1110 1286 1191 adfit
1324 1117 1665 1194 voluntas
1702 1115 2000 1198 alterius
2041 1116 2465 1197 felicitatem
2496 1133 2677 1225 pro‘-

179 1232 580 1330 movendi,
639 1253 885 1330 neque
928 1232 1278 1309 voluntas
1326 1229 1621 1309 alterius
1672 1232 2678 1342 infelicitatem‘promoven-

184 1349 279 1429 di:
367 1344 477 1425 ast
531 1370 708 1420 cum
754 1343 955 1422 nuda
994 1346 1383 1425 volitionis
1423 1344 1716 1426 omiffio
1748 1346 2091 1426 nondum
2124 1339 2527 1434 fitinolitio
2566 1349 2678 1450 (§.

181 1478 333 1563 884.
372 1455 925 1565 Psych.empir.),
961 1461 1317 1538 noluntas
1354 1485 1669 1561 quoque
1704 1465 2131 1542 felicitatem
2164 1467 2465 1543 alterius
2496 1489 2675 1570 pro·

175 1576 576 1675 movendi,
645 1575 1186 1672 consequenter
1226 1580 1448 1654 etiam
1491 1578 1997 1657 infelicitatem
2048 1579 2514 1686 depellendi,
2571 1577 2675 1657 se·

177 1692 391 1797 juniia
433 1718 479 1769 a
537 1685 926 1768 voluntate
973 1689 1483 1769 infelicitatem
1533 1696 1831 1772 alterius
1879 1694 2443 1800 promovendi,
2469 1731 2476 1764 -.
2503 1717 2667 1774 non

181 1810 329 1888 dicit
354 1803 648 1885 nudam
678 1805 1049 1883 charitatis
1086 1811 1486 1898 carentiam
1521 1812 1600 1894 ὅτ
1638 1809 1792 1888 odii
1814 1831 1971 1913 ‘pro
2001 1815 2192 1889 vitio
2224 1812 2509 1914 accepti
2536 1809 2657 1887 ab·

182 1927 471 2006 sentiam.
592 1924 811 2000 Vitio
840 1921 1015 1998 huic
1044 1924 1131 1998 in·
1162 1927 1506 2026 appetitu
1541 1922 1886 2003 senfitivo
1918 1925 2324 2031 respondet
2367 1921 2657 2003 avet-fio

179 2041 461 2140 ameria,
509 2063 749 2136 quam
778 2034 1100 2115 diximus
1145 2040 1222 2114 in
1260 2041 1801 2141 anterioribu3‚
1868 2042 2156 2140 &quae
2207 2037 2532 2120 confistit
2572 2043 2656 2117 in

186 2156 463 2255 quadam
494 2156 1004 2259 repugnantia
1037 2151 1385 2233 adversus
1421 2182 1762 2235 amorem
1795 2157 2091 2236 alterius
2111 2217 2133 2257 ,
2177 2175 2276 2235 'ut
2308 2151 2484 2233 ideo
2514 2179 2650 2231 no-

186 2274 369 2350 limus
393 2272 701 2356 alterius
734 2267 1155 2350 felicitatem
1188 2295 1691 2373 promovere,
1748 2292 1874 2347 aut
1909 2265 2414 2348 infelicitatem
2445 2292 2668 2348 aver·
2775 2367 2780 2372 .
2895 2296 2906 2304 ·

193 2409 351 2486 tere,
398 2388 573 2485 quia
603 2382 851 2490 ipsum
880 2408 1137 2462 amare
1166 2409 1324 2463 non
1356 2387 1782 2489 possumus,
1842 2409 2016 2465 cum
2053 2410 2145 2464 ex
2173 2382 2491 2464 adverso
2516 2385 2652 2481 qui

192 2500 597 2580 indifferenti
632 2525 816 2607 erga
852 2499 1164 2578 alterum
1199 2505 1451 2578 animo
1488 2499 1629 2605 est,
1690 2525 2098 2600 utrumque
2129 2501 2374 2593 facere
2411 2501 2684 2602 neglirx

202 2640 327 2721 gat,
354 2621 685 2715 quianon
719 2638 951 2693 amat:
1006 2614 1367 2696 differunt
1400 2624 1599 2696 enim
1628 2618 1840 2717 juxta
1866 2620 2241 2693 anteriora
2264 2641 2421 2694 non
2451 2639 2642 2693 ama·
2693 2696 2696 2701 ,
2771 2616 2774 2621 ’

212 2755 285 2804 xe
309 2733 376 2808 ἃ
398 2744 611 2810 amate
651 2758 814 2810 non
853 2730 1081 2836 posse.
1199 2731 1879 2838 Qemadmodum
1908 2750 2100 2810 vero
2126 2735 2407 2810 amoris
2436 2754 2641 2808 aver-

222 2840 309 2920 fio
330 2842 545 2924 odium
571 2845 963 2945 quoddam
997 2840 1298 2926 nascens
1329 2846 1432 2925 est
1460 2848 1634 2948 (not.
1671 2845 1734 2947 §.
1762 2848 1792 2924 1'
1819 2873 1849 2922 1
1871 2854 1939 2923 6.
1964 2850 1995 2951 )
2012 2910 2034 2948 ‚
2092 2846 2325 2925 veluti
2347 2907 2368 2946 ,
2429 2867 2512 2923 ut
2541 2844 2643 2925 fic

208 2956 431 3065 dicam,
480 2960 645 3044 odii
694 2964 1073 3065 embry03
1146 2965 1247 3040 ita
1287 2967 1559 3042 vitium
1608 2961 1745 3068 ipfi
1805 2960 2240 3065 oppositum
2289 2957 2393 3037 est
2441 2961 2643 3057 quali

184 3073 398 3155 odium
439 3103 595 3183 pro
649 3082 843 3157 vitio
881 3076 1210 3156 sumtum
1242 3079 1586 3182 nascens,
1645 3101 1728 3156 ut
1777 3073 2098 3155 subfistat
2139 3080 2216 3155 in
2257 3076 2643 3153 uoluntate

168 3191 558 3271 felicitatem
601 3194 907 3273 alterius
948 3193 1512 3303 promovendi,
1584 3212 1746 3273 non
1803 3217 1992 3273 vero
2055 3189 2497 3271 extendatur
2546 3187 2642 3267 ad

158 3307 592 3386 voluntatem
633 3310 792 3409 ejus
825 3308 1337 3411 infelicitatem
1371 3308 1902 3413 promovendi.
1977 3306 2360 3414 (Qamvis¹
2388 3309 2640 3403 itaque

151 3418 361 3500 defint
388 3429 740 3525 nomina,
800 3423 1073 3522 quibus
1109 3426 1297 3503 vitia‘
1328 3426 1708 3503 charitatis
1760 3421 2109 3528 oppofita
2133 3420 2321 3498 ⁴satis
2352 3446 2394 3496 a
2426 3417 2499 3495 se
2529 3423 2637 3495 in·

146 3540 381 3616 vicem
413 3535 863 3642 distingvere
897 3541 1279 3637 velimu33,
1310 3543 1387 3617 in
1421 3544 1638 3645 praxi
1681 3536 1934 3619 tanien
1975 3536 2243 3619 morali
2291 3530 2635 3633 differen·
2759 3616 2768 3627 f

147 3659 220 3734 tia
243 3647 378 3730 ista
411 3652 671 3757 probe
703 3632 1168 3731 attendenda.
1402 3662 1413 3673 ‘

448 3817 632 3887 Non
670 3809 761 3884 cst
805 3811 989 3911 quod
1030 3816 1400 3903 miremur,
1445 3808 1731 3888 deficere
1762 3805 2123 3898 vocabula,
2180 3805 2429 3910 quibus
2460 3810 2634 3884 indi-

306 3917 620 4010 gitantur
653 3916 960 4015 quotidie
988 3914 1202 3990 obvia.
1313 3915 1579 3990 Constat
1613 3918 1797 3991 enim
1839 3912 2126 4008 vulgum
2170 3904 2490 3986 vocabula
2533 3917 2634 3988 in·

296 4015 776 4114 veniss‘esnee
820 4022 1048 4103 minus
1103 4020 1535 4124 exploratum
1575 4016 1706 4115 est,
1755 4014 2042 4117 vulgum
2082 4039 2227 4093 non
2259 4010 2636 4136 suffi‘ssem‘?

1260 4159 1269 4165 ’
1462 4140 1473 4145 “
2533 4141 2641 4196 un
